3030 4838
661 332 843 394 -p-

171 527 255 591 quae
279 508 377 572 verba
399 528 438 572 ex
459 507 614 574 Prisciani
635 509 793 591 sapientia
817 501 1010 574 scholastica
1030 513 1158 591 sumpta
1181 529 1248 575 esse
1275 529 1343 573 non

168 613 318 691 possunt;
335 609 387 672 ille
401 610 486 673 enim
501 615 628 675 secutus
644 612 828 693 analogiam
845 631 956 675 eorum
974 612 1127 679 locorum.
1145 631 1226 692 quos
1241 631 1343 692 supra

168 710 328 792 exscripsi,
352 709 404 773 hic
426 730 555 793 quoque
576 710 621 775 vei
642 732 702 793 pro
725 719 752 773 et
773 712 914 792 positum
939 731 1006 775 esse
1029 711 1187 774 edixisset.

251 810 349 874 Prisc.
372 810 486 888 xv1‚5
508 811 551 892 (p.
574 810 644 892 96):
667 813 723 892 tue‘
740 833 871 892 quoque,
892 813 1020 892 quaudo
1043 809 1095 873 iva
1111 813 1157 893 pti
1172 813 1342 892 sipiriticat,

168 912 345 975 ccuiuuctiv
367 917 414 975 est
432 913 580 990 causalis,
604 919 640 976 ut
663 911 822 997 Verpiiius
843 914 878 976 iu
905 912 949 976 ΙΙ
969 911 1126 976 Aeneidos
1149 912 1189 993 (v.
1210 913 1267 976 187
1278 910 1342 993 sq.)

407 1030 447 1081 Ne
466 1031 550 1098 recipi
564 1032 654 1098 portis
672 1038 720 1083 aut
738 1033 801 1082 duci
819 1033 849 1082 iu
867 1033 972 1084 mveuia
986 1034 1082 1098 possit,

407 1118 467 1169 Neu
481 1119 615 1185 poputum
632 1120 743 1185 antiqua
760 1120 808 1171 sub
829 1120 958 1185 reliqivue
977 1121 1048 1170 tueri

169 1228 291 1302 ducta,
303 1222 377 1302 tcut‘
388 1243 508 1307 quoque
520 1228 547 1286 et
559 1223 637 1304 ¹ueu‘
649 1224 699 1287 hic
711 1245 770 1307 pro
781 1225 968 1307 copulativis
985 1245 1049 1287 csse
1060 1225 1341 1289 vvuiuueticuibus.

170 1440 182 1523 (
252 1341 436 1424 Sequuntur
448 1342 512 1405 iam
526 1342 649 1424 reliqua
661 1344 946 1424 grammaticorum
957 1345 1147 1407 testimonia.
1172 1344 1343 1408 Diomedes

183 1445 259 1506 tom.
279 1442 293 1504 l
314 1443 353 1505 K.
377 1462 407 1524 p.
429 1443 521 1523 eut:

577 1545 617 1595 De
635 1551 684 1596 aut
703 1546 895 1596 couiveucticue.
902 1542 920 1610 ¹)

170 1647 238 1711 Aut
258 1649 434 1712 cauiuuetio
453 1649 670 1728 dubitativam,
693 1651 723 1712 si
743 1651 928 1733 qemiuetur,
944 1649 1036 1713 habet
1052 1655 1244 1733 potestatem.
1279 1649 1344 1728 Qui

169 1749 253 1812 euim
275 1749 352 1812 dicit
372 1756 438 1829 ,aut
458 1749 573 1813 tibrum
596 1751 663 1814 vcta
686 1756 742 1813 aut
762 1749 918 1833 pretium‘,
939 1757 1106 1834 utrumque
1123 1771 1160 1813 eu
1176 1771 1272 1834 aequo
1289 1752 1343 1814 de·

72 1922 74 1927 ¹
169 1849 315 1913 siderare
335 1850 499 1930 siquidcat,
524 1855 558 1913 ut
580 1850 647 1914 iilis
669 1851 762 1926 (Aen.
784 1850 966 1930 11,36-38)

391 1975 438 2021 aut
451 1970 547 2034 pelope
565 1970 692 2021 Daunum
710 1970 829 2020 iusidias
844 1975 1015 2036 suspectaque
1033 1969 1104 2019 dvua

388 2057 574 2123 praecipitare
591 2057 681 2109 iubeut
698 2072 719 2107 s.
738 2057 757 2108 i.
776 2073 802 2107 u.
820 2056 841 2120 f.

391 2150 440 2197 aut
457 2144 594 2196 terebrare
613 2159 692 2194 cavas
709 2144 782 2195 uteri
799 2160 820 2194 e.
838 2141 880 2209 <.>
899 2141 917 2193 l.

170 2252 236 2326 aut,
258 2248 288 2311 si
307 2251 399 2313 semei
419 2248 613 2327 subiciatur,
635 2249 826 2312 divuiuutiva
848 2254 891 2312 est
913 2254 939 2310 et
958 2248 1095 2332 pradum
1117 2248 1208 2314 habet
1228 2250 1271 2313 ad
1292 2250 1343 2314 iu·

163 2347 292 2430 -ferivra
311 2349 493 2428 teudeutcm,
513 2356 548 2412 ut
568 2369 639 2413 cum
656 2350 789 2413 dicimus
810 2349 935 2429 ,tibrum
957 2348 1024 2412 vvlc
1045 2356 1101 2412 cut
1121 2350 1284 2431 pretium‘3
1306 2358 1343 2414 ut

169 2447 201 2511 si
221 2448 307 2527 iiber,
329 2470 420 2531 quem
438 2450 638 2533 potissimum
659 2449 735 2528 vobo,
767 2450 896 2513 miuime
916 2449 1080 2528 reddatur,
1103 2457 1169 2514 tum
1191 2452 1275 2531 quod
1294 2471 1342 2515 sc-

170 2549 309 2613 cuudum
330 2557 383 2629 est,
406 2548 488 2632 vect)
507 2551 652 2635 pretium.
701 2549 740 2613 Ut
761 2550 853 2631 (Aen.
876 2549 898 2628 1,
910 2550 1046 2630 ott-70)

528 2670 621 2722 Iucvete
638 2669 691 2720 vim
709 2669 794 2720 acutis
810 2684 846 2721 ss.
865 2684 888 2720 v.
902 2685 932 2734 p.

527 2757 584 2807 Aret
601 2772 649 2821 ape
667 2756 790 2808 diversas

170 2882 247 2926 uam
267 2862 380 2944 fureas
408 2859 492 2925 qua
519 2862 654 2924 etirata
682 2861 764 2946 quod
788 2861 1016 2940 pravissimum
1045 2860 1188 2924 credebat
1215 2862 1342 2943 optavit,

170 2962 283 3028 deiude
311 2964 394 3048 quod
416 2962 589 3026 secuudum
609 2962 726 3025 iutulit.
779 2960 890 3024 Huius
919 2962 1148 3025 corviuuctiouis
1177 2960 1343 3045 qualitates
1420 2973 1424 2980 “

169 3069 243 3126 suut
265 3062 391 3127 muitae.
429 3062 528 3126 Modo
549 3062 771 3126 comminativa
793 3067 847 3139 est,
869 3081 938 3126 cum
960 3062 1093 3126 dicimus
1114 3069 1179 3142 ,aut
1201 3062 1243 3125 dc
1264 3063 1344 3125 mihi

171 3171 227 3227 aut
249 3163 350 3247 rapiv'
371 3169 406 3226 ut
427 3162 532 3244 (Verg.
555 3162 611 3227 ecl.
635 3163 706 3241 VII,
719 3162 756 3226 21
770 3160 853 3244 sqq.)

340 3283 486 3350 Nymphae,
504 3289 596 3334 uester
613 3297 696 3348 amor,
716 3281 893 3347 Libethrides,
913 3287 961 3332 cut
978 3280 1047 3330 mihi
1066 3297 1173 3331 carmen

341 3370 423 3434 Quale
441 3384 497 3421 mec
520 3368 613 3435 Codro,
632 3369 779 3434 concedite,·
795 3370 922 3435 proxima
942 3368 1039 3419 Phoebi

344 3457 472 3508 Versibus
489 3456 535 3508 ille
551 3456 635 3522 facit;
652 3463 707 3521 aut,
725 3457 750 3507 si
767 3471 822 3507 uvu
839 3471 983 3522 possumus
1001 3470 1090 3506 omues
1101 3493 1107 3505 .
1118 3493 1125 3506 .
1135 3493 1140 3504 .
1147 3472 1159 3520 ;

171 3563 262 3626 modo
283 3561 440 3625 hortativa
461 3567 505 3625 est
525 3563 573 3626 ita
594 3559 687 3642 (Aen.
706 3561 758 3638 IX,
769 3559 843 3641 495)
866 3566 932 3637 ,aut
955 3566 989 3622 tu
1004 3581 1117 3643 mapvve
1127 3567 1220 3644 puter
1235 3560 1343 3624 divum

172 3661 328 3727 miserere’
349 3669 384 3726 ut
404 3669 448 3726 est
467 3662 585 3726 dictum
608 3667 635 3725 et
655 3661 737 3724 iilud
759 3661 851 3742 (Aen.
874 3662 913 3738 V,
925 3659 998 3742 691)

399 3781 446 3832 Vei
464 3787 501 3847 tu,
518 3781 588 3848 quod
605 3785 733 3847 superest,
753 3779 851 3847 iufestc
867 3779 982 3844 fulmine
1000 3781 1089 3846 morti,

395 3867 426 3919 Si
443 3883 553 3936 merear,
572 3869 696 3934 demitte;

245 4047 272 4115 l)
291 4048 372 4103 Cuius
391 4050 442 4105 loci
461 4052 493 4105 de
512 4052 631 4105 fontibus
650 4052 683 4104 cf.
700 4051 767 4120 Jeep
785 4052 852 4104 Mus
872 4051 955 4103 Rhen.
974 4055 993 4104 t.
1012 4052 1055 4117 51,
1075 4068 1100 4119 p.
1119 4051 1183 4103 418.

243 4135 271 4204 2)
291 4135 329 4190 Oi.
348 4138 417 4190 inira
436 4155 462 4208 p.
481 4139 506 4193 9.
