3030 4838
575 335 616 346 ..
659 301 700 367 75
742 337 783 346 ..

137 479 262 545 Andr.
288 480 347 544 143

235 579 305 643 Quid
322 580 405 634 facias
423 580 472 647 illi,
492 581 537 648 qui
557 580 660 633 dederit
677 580 803 633 damnum
821 583 868 633 aut
885 579 1004 633 malum?

137 673 260 738 Andr.
284 674 346 738 236

234 773 360 828 Hocinest
378 773 522 827 humanum
540 772 639 826 iactum
659 776 705 825 aut
723 773 880 841 inceptum?

136 867 259 932 Andr.
281 867 343 930 145
455 879 457 882 ’

207 1017 210 1024 .
234 967 328 1020 Adeon
338 967 470 1020 hominem
480 982 538 1019 esee
548 967 717 1019 invenustum
728 970 775 1020 aut
785 967 917 1021 infelicem
925 983 1092 1035 quemquam,
1101 972 1131 1019 nt
1138 983 1187 1036 ego
1195 968 1267 1022 sum!

136 1061 260 1126 Andr.
283 1060 344 1124 656
358 1079 406 1141 sq.

290 1176 387 1213 censen
405 1176 446 1212 me
464 1159 573 1213 verbum
592 1159 712 1228 potuisse
730 1159 814 1212 ullum
834 1159 957 1230 proloqui
978 1165 1025 1213 aut

232 1247 320 1301 Ullam
338 1262 454 1313 causam,
474 1247 591 1315 ineptam
611 1245 704 1299 saltem
722 1263 780 1315 oq.
791 1263 811 1301 a.

136 1341 258 1407 Andr.
279 1341 399 1422 Allsq.

388 1439 482 1494 Adeon
500 1456 541 1492 me
559 1440 681 1508 ignavom
700 1444 788 1509 putas,

233 1527 327 1580 Adeon
346 1543 424 1596 porro
443 1528 578 1595 ingratum
597 1531 643 1580 aut
661 1528 834 1580 inhumanum
853 1531 900 1580 ant
918 1527 1012 1580 lerum.

136 1621 261 1684 Andr.
284 1621 345 1685 509

234 1721 273 1773 Ne
291 1725 322 1772 tu
340 1721 390 1773 hoc
408 1721 541 1788 posterius
560 1720 633 1773 dicas
652 1721 719 1774 havi
738 1721 837 1774 iactum
856 1720 966 1774 consilio
986 1724 1033 1774 aut
1051 1719 1133 1785 dolie;

96 1812 431 1897 adnotatioSpengelii
446 1820 502 1878 out
520 1833 580 1896 pro
590 1817 637 1878 ecl
644 1815 785 1896 positum
802 1833 879 1892 esse,
894 1813 1049 1896 quoniam
1063 1813 1266 1878 enuntiatum

95 1919 239 1996 negetur,
261 1913 341 1978 falsa
363 1917 427 1992 est;
455 1915 666 1997 nequeenim
688 1915 841 1980 intellexit
866 1914 1046 1996 corrigendi
1068 1914 1144 1993 vim,
1165 1933 1265 1996 quam

93 2015 254 2098 particula
277 2014 414 2079 exhibet.

133 2144 255 2208 Andr.
277 2144 339 2208 625

247 2243 374 2298 Hocincst
392 2245 518 2298 credibile
537 2250 583 2299 aut
601 2247 770 2300 memorabile
789 2263 812 2301 e.
823 2264 848 2316 q.
858 2263 879 2300 s.

137 2338 257 2403 Andr.
280 2339 338 2403 921

245 2439 302 2507 Ego
321 2440 404 2494 istaec
422 2456 513 2494 moveo
532 2444 580 2493 aut
597 2439 681 2495 euro?

135 2532 229 2596 Eun.
250 2533 291 2597 96
300 2553 347 2615 sq.

246 2632 306 2686 Non
323 2633 376 2700 pol,
395 2649 446 2702 quo
466 2649 624 2702 quemquam
642 2634 703 2704 plus
723 2650 807 2687 amem
826 2644 873 2686 aut
892 2633 953 2702 plus
972 2633 1090 2702 diligam,

246 2719 283 2773 llo
302 2719 353 2773 ieci
372 2736 394 2773 e.
405 2738 429 2789 q.
440 2736 461 2773 a.

134 2810 228 2875 Eun.
254 2812 314 2876 104

244 2912 293 2966 Sin
311 2912 408 2967 falsum
426 2917 473 2968 aut
490 2931 588 2969 vanum
606 2918 653 2969 aut
670 2914 807 2969 finctumet
823 2931 846 2968 e.
857 2931 881 2984 q.
892 2931 914 2967 e.

136 3005 231 3069 Eun.
253 3006 316 3071 468

245 3106 390 3176 Perpulcra
409 3107 487 3161 credo
506 3106 576 3160 dona
595 3112 641 3160 aut
659 3108 744 3161 nostri
763 3107 874 3171 similia3

93 3199 182 3280 quod
208 3200 400 3265 vertendum
429 3203 493 3264 est:
537 3200 608 3281 „die
635 3201 820 3266 Geschenke
849 3201 921 3266 sind
949 3200 1024 3265 sehr
1051 3200 1151 3264 schiin
1180 3200 1267 3279 oder,

93 3318 151 3363 urn
179 3299 266 3364 mich
296 3300 414 3366 anders
443 3300 701 3381 nuszudrdcken‚
734 3302 780 3366 sie
813 3300 958 3383 gleichen
991 3301 1053 3364 den
1085 3299 1268 3380 unsrigen“.

92 3399 218 3464 Thraso
247 3403 361 3465 autem
382 3401 474 3465 miles
494 3401 703 3484 perpulerum
724 3421 804 3467 sane
826 3403 947 3466 donum
970 3400 1120 3480 dederat,
1150 3400 1269 3466 seilicet

94 3498 251 3581 virginem
273 3501 361 3566 illam
385 3500 488 3567 civem
508 3502 662 3568 Atticam.

136 3630 230 3696 Eun.
251 3631 312 3696 565

247 3729 316 3793 Quid
336 3746 385 3800 ego
405 3732 462 3786 eius
480 3733 530 3786 tibi
548 3749 621 3787 nunc
637 3733 732 3787 faciem
751 3734 901 3802 praedicem
920 3737 967 3788 aut
986 3733 1112 3788 laudem?

99 3855 105 3867 ·
135 3822 230 3888 Eun.
254 3824 314 3888 616

246 3924 367 3992 Nequam
384 3924 430 3977 ille
448 3926 526 3979 hodie
545 3927 656 3980 maanus
674 3927 779 3980 turbam
798 3928 880 3982 iaciat
897 3930 944 3980 aut
963 3926 1015 3979 rim
1035 3925 1139 3980 Thaidi.

136 4016 230 4081 Eun.
256 4018 336 4082 1025

248 4115 306 4180 Qua
324 4134 372 4187 spe
391 4123 437 4172 eut
455 4135 506 4188 quo
525 4119 637 4175 consilio
655 4120 708 4175 huc
725 4119 814 4174 imus?
