3030 4838
666 365 704 375 ..
747 332 788 395 83
834 364 869 375 ..

222 504 343 569 Andr.
366 507 427 571 679
443 527 489 588 sq.

329 604 427 660 Parum
445 607 564 658 succedit
586 607 656 675 quod
675 622 739 675 ago:
761 612 788 660 at
805 607 874 660 facio
893 608 994 661 sedulo.

330 691 379 744 Vol
398 692 492 746 melius
511 697 568 746 tute
587 694 682 761 reperi,
700 709 741 746 me
760 693 869 746 missum
888 693 961 759 iace;

179 779 267 860 quod
288 779 479 843 vertendum
495 784 559 844 est:
587 779 655 858 „ich
672 779 812 844 bemrihe
826 779 915 845 mich
929 779 1028 861 eilrig,
1049 779 1135 844 habe
1150 781 1229 846 aber
1240 783 1345 863 wenig

178 877 294 958 Erfolg.
343 878 448 942 Wenn
482 879 531 942 dir
562 880 620 944 das
649 879 748 944 lieber
777 879 815 944 ist
846 877 935 960 (uel),
968 900 1004 945 so
1035 881 1137 946 denke
1167 883 1217 947 dir
1245 887 1346 948 etwas

178 979 322 1041 besseres
344 997 403 1042 aus
425 979 491 1042 und
515 979 578 1042 lass
600 978 686 1043 mich
708 999 767 1044 aus
790 979 864 1043 dem
886 979 1002 1061 Spicl‘.
1339 976 1342 982 ’

219 1084 314 1146 Eun.
337 1085 396 1149 319
416 1104 464 1165 sq.

432 1183 501 1236 hanc
519 1188 549 1236 tu
567 1185 632 1237 mihi
650 1184 691 1237 vel
710 1187 736 1237 vi
754 1185 796 1238 vel
815 1187 882 1239 clam
901 1186 942 1239 vel
960 1188 1080 1255 precario

328 1268 380 1322 Fac
398 1269 503 1322 tradas:
522 1285 580 1322 mea
599 1271 636 1323 nil
656 1271 743 1337 refert,
762 1271 825 1324 dum
844 1274 931 1340 potiar
949 1273 1041 1336 modo;

177 1373 288 1419 sensus
306 1355 414 1423 evadit
429 1355 498 1420 hic:
524 1357 593 1434 „die
604 1358 664 1422 Art
680 1358 737 1422 der
747 1357 957 1440 Ausfdhrung
972 1359 1134 1424 riberlasse
1148 1357 1200 1423 ich
1216 1357 1343 1423 deinem

177 1453 327 1518 Belieben
349 1454 432 1536 (uel),
455 1456 516 1520 mir
536 1457 577 1520 ist
597 1457 656 1520 das
677 1457 914 1539 gleichgiiltig“.

217 1560 362 1626 Heaut.
385 1563 425 1626 78
436 1582 484 1643 sq.

328 1660 437 1714 Veline
456 1678 562 1716 monere
583 1663 631 1716 hoc
649 1663 690 1716 uel
710 1664 860 1732 percontari
878 1667 957 1731 puta:

327 1748 472 1812 Rectumst
492 1764 541 1816 ego
557 1753 588 1801 ut
606 1749 716 1802 faciam:
735 1766 789 1803 non
808 1755 857 1815 est,
875 1754 901 1802 te
919 1754 950 1802 ut
968 1750 1129 1814 deterream

177 1833 366 1898 vertendum
389 1839 454 1899 est:
478 1835 623 1916 „glauba
646 1855 714 1900 was
736 1836 780 1900 du
795 1837 906 1913 willst;
927 1836 1093 1920 jedenlalls
1113 1836 1154 1900 ist
1176 1855 1209 1900 es
1229 1835 1262 1899 in
1285 1835 1342 1900 der

176 1930 343 2014 Ordnung,
366 1933 441 1997 dass
462 1934 514 1998 ich
536 1954 570 1998 es
590 1934 698 2000 thue“.

213 2039 373 2104 Phorm.
398 2041 457 2105 143

486 2123 533 2175 ubi
551 2138 600 2191 ego
618 2123 680 2176 hinc
700 2124 798 2190 abiero,
816 2123 857 2176 vel
877 2124 999 2177 occidito.

173 2216 194 2278 i.
211 2235 237 2280 e.
261 2217 291 2279 si
311 2217 366 2296 eis,
389 2216 610 2296 muldelhem,
629 2237 690 2302 per
709 2238 758 2282 me
780 2216 859 2282 licet.

213 2321 372 2386 Phorm.
394 2324 456 2387 988

324 2421 382 2475 Nisi
402 2424 530 2490 sequitur,
550 2441 654 2493 pugnos
673 2426 837 2478 inventrem
856 2425 960 2491 ingere3

173 2507 217 2571 ad
239 2527 324 2590 quae
345 2509 452 2591 lepida
474 2511 574 2575 verba
595 2511 749 2575 Phormio
771 2509 960 2592 respondet:

325 2607 373 2660 Vel
393 2609 497 2662 oculum
518 2611 644 2679 exculpe:
664 2614 704 2663 est
722 2610 769 2663 ubi
787 2625 834 2662 vos
852 2609 967 2662 ulciscar
984 2609 1079 2677 probe;

172 2692 192 2755 i.
205 2712 231 2756 e.
257 2713 370 2770 „wenn
392 2694 436 2758 du
458 2695 552 2760 willst
575 2694 654 2777 (sive
676 2693 920 2776 meinetwegen)
943 2694 1073 2775 schlage
1095 2693 1272 2776 mirsogar
1287 2693 1339 2758 ein

173 2791 265 2872 Auge
287 2812 355 2871 aus,
384 2794 436 2859 ich
459 2795 567 2861 werde
586 2795 673 2860 mich
697 2794 796 2859 schon
820 2815 858 2859 zu
880 2794 1000 2860 rachen
1021 2794 1166 2859 wissen“.
1212 2793 1283 2871 Quo
1305 2793 1340 2857 in

172 2910 266 2955 versu
298 2893 363 2957 iam
397 2895 547 2976 antiquos
577 2896 806 2976 grammaticos
837 2894 1029 2977 sapientiam
1066 2912 1158 2958 suam
1190 2896 1338 2975 expertos

171 3009 239 3054 esse
256 2990 359 3057 elucet
374 3013 413 3056 ex
427 2993 582 3058 Prisciani
599 2996 669 3059 loco
690 2992 777 3075 (XVI
795 2993 837 3075 7),
861 3013 958 3076 quem
979 3013 1077 3075 supra
1099 2992 1159 3074 ph
1176 2991 1337 3073 exscripsi.

170 3086 255 3164 Quia
284 3092 369 3155 enim
405 3093 465 3157 illis
498 3094 697 3174 temporibus
726 3095 773 3157 vel
803 3093 985 3175 imperativi
1015 3096 1133 3157 natura
1166 3095 1235 3156 tam
1264 3091 1337 3156 iun·

170 3187 255 3252 ditus
288 3191 410 3257 abolita
442 3196 528 3271 erat,
561 3196 597 3257 ut
627 3213 669 3256 ne
700 3192 869 3273 vestigium
903 3192 1034 3274 quidem
1069 3192 1215 3255 relictum
1244 3193 1335 3267 esset

170 3289 357 3354 nesciebant
379 3293 593 3372 grammatici,
618 3292 782 3374 quomodo
805 3311 899 3356 usum
923 3291 1011 3356 illum
1027 3291 1216 3367 obsoletum,
1238 3308 1335 3371 quem

169 3387 236 3452 sive
265 3390 340 3471 ipsis
368 3391 509 3473 pellectis
536 3391 639 3475 poetis
668 3392 734 3456 sive
758 3411 795 3455 ex
818 3391 969 3473 operibus
991 3388 1238 3472 compendiariis
1261 3406 1334 3468 per-

169 3488 348 3569 cipiebant,
381 3491 423 3554 ad
451 3512 543 3556 suam
573 3492 724 3574 loquendi
747 3491 1010 3554 consuetudinem
1040 3488 1333 3564 accommodarent,

168 3591 266 3669 atque
293 3588 415 3670 placuit
444 3592 489 3656 eis
521 3593 586 3656 vim
618 3591 724 3669 illam,
758 3610 856 3672 quam
890 3589 1001 3654 dicunt
1033 3586 1332 3662 subdisiunctivam,

168 3705 350 3767 agnoscere.

249 3834 269 3916 §
284 3833 325 3900 13
340 3867 378 3890 =
396 3856 466 3919 cap.
483 3840 510 3903 V
527 3838 546 3920 ᾗ
561 3841 598 3904 4:
621 3838 667 3903 cel
689 3791 916 3903 disiunctivum
939 3837 982 3901 ad
1003 3836 1136 3900 alteram
1159 3851 1330 3916 personam

167 3933 323 3999 directum
345 3941 401 4001 est.

208 4035 267 4096 An
278 4034 331 4099 dr.
353 4035 414 4099 652

317 4133 393 4186 Haud
413 4136 482 4187 istuc
501 4136 583 4201 dicas,
602 4136 624 4187 si
643 4138 765 4204 cognoris
784 4137 824 4190 vel
844 4154 885 4190 me
904 4137 944 4189 vel
963 4152 1076 4188 amorem
1097 4150 1190 4186 meum.

1137 4253 1152 4305 6
1161 4250 1175 4278 0
