3030 4838
744 297 952 362 ..30-

298 474 390 538 Hec.
412 471 476 537 524

330 574 379 626 Vir
397 589 445 641 ego
463 576 524 626 tuos
543 572 614 624 sim?
641 573 682 624 Tu
699 572 784 627 virum
802 590 843 627 me
865 579 912 628 aut
931 575 1061 629 hominem
1081 575 1194 643 deputas
1213 575 1278 628 adeo
1296 573 1379 626 esse?

260 669 279 732 i.
302 687 329 731 e.
353 665 449 747 „oder
469 663 554 729 auch
576 664 668 728 nur“.
788 656 791 662 ’

344 819 363 903 ᾗ
385 819 424 884 10
438 847 476 870 =
492 841 562 903 cap.
585 821 628 885 IV
658 819 676 902 ἓ
701 821 754 885 16:
784 822 952 887 enuntiata
984 821 1103 887 directe
1124 822 1356 903 interrogativa
1377 829 1434 886 cat

259 922 449 1004 interposito
470 922 719 1003 coniunguntur.

301 1029 425 1094 Andr.
448 1029 508 1092 343

411 1127 463 1181 Sed
482 1127 528 1180 ubi
547 1127 692 1195 quaeram?
729 1126 784 1180 Aue
803 1141 854 1194 quo
873 1143 944 1178 nunc
961 1127 1074 1194 primum
1093 1127 1249 1181 intendam?
1356 1157 1359 1161 2

265 1221 310 1286 sic
334 1221 479 1285 scribunt
499 1220 570 1283 freti
590 1220 782 1284 auctoritate
804 1219 922 1283 codicis
940 1219 1132 1298 Victoriam,
1162 1220 1217 1302 qui
1240 1220 1434 1303 antiquitate

259 1325 291 1386 et
327 1321 482 1402 dignitate
509 1319 654 1402 proxime
683 1320 725 1384 ad
746 1319 938 1384 Bembinum
966 1319 1100 1385 accedit.
1141 1320 1317 1386 Bembinus
1347 1320 1433 1384 enim

260 1422 322 1486 hoc
343 1421 414 1486 loco
436 1420 552 1485 deficit.

301 1527 424 1592 Andr.
445 1527 561 1608 ditisq.

411 1627 431 1680 0
451 1627 531 1693 Dave,
550 1628 606 1680 itan
625 1631 779 1679 contemnor
798 1629 845 1681 abs
864 1626 910 1680 te?
930 1630 977 1679 aut
995 1627 1067 1679 itane
1085 1625 1192 1679 tandem
1212 1625 1324 1679 idoneus

411 1715 471 1767 Tibi
491 1714 581 1768 videor
601 1730 669 1781 esse,
689 1730 765 1782 quem
784 1718 837 1767 tam
858 1718 948 1782 aperte
967 1713 1058 1766 fallere
1077 1714 1190 1782 incipias
1209 1712 1297 1766 dolis?

299 1808 393 1872 Eun.
418 1809 476 1872 153
487 1827 534 1889 sq.

409 1907 485 1976 Egon
504 1908 645 1977 quicquam
665 1924 724 1961 cum
742 1908 802 1960 istis
821 1908 898 1961 iactis
918 1908 967 1960 tibi
985 1905 1183 1976 respondeam?

407 1995 462 2047 Aut
482 2011 530 2062 ego
549 1996 693 2061 nescibam,
713 2011 838 2064 quorsum
857 1998 886 2046 tu
904 1994 978 2048 ires?

299 2090 394 2154 Eun.
418 2088 478 2153 349
489 2108 536 2170 sq.

515 2189 611 2242 Nostin
630 2206 697 2259 quae
716 2189 772 2242 sit?
807 2189 855 2242 Dic
873 2188 945 2241 mihi.
982 2189 1037 2240 Aut

408 2275 544 2330 Vidistin?

297 2371 392 2435 Eun.
415 2370 476 2433 575

408 2468 478 2522 Num
497 2485 579 2538 parva
597 2467 697 2521 causa?
733 2469 788 2520 Aut
807 2484 887 2536 prava
905 2466 1019 2520 ratiost?

297 2564 391 2628 Eun.
412 2562 473 2627 643

412 2662 464 2715 Ubi
484 2675 531 2729 ego
551 2660 626 2712 illum
707 2659 862 2713 inveniam?
886 2660 941 2712 Aut
959 2660 1006 2712 ubi
1025 2658 1169 2727 quaeram?

301 2757 397 2821 Eun.
420 2755 482 2820 650

579 2853 643 2921 quid
663 2851 795 2905 festinas?
824 2853 879 2904 Aut
898 2868 975 2920 quem
995 2850 1121 2919 quaeris?

299 2950 393 3014 Eun.
418 2949 478 3014 797

410 3049 470 3102 Tibi
488 3047 560 3100 illam
582 3043 697 3098 reddat?
731 3045 787 3097 Aut
804 3048 834 3097 tu
853 3060 909 3097 eam
928 3044 1044 3113 tangas?

299 3144 395 3208 Eun.
417 3142 476 3207 821

408 3242 553 3295 Eunuchus
572 3241 652 3294 abiit:
671 3254 750 3308 quam
769 3239 802 3291 ob
823 3235 896 3290 rem?
933 3237 988 3290 Aut
1006 3237 1068 3305 quid
1087 3236 1232 3291 factumst?

299 3336 394 3401 Eun.
416 3335 478 3399 950

411 3433 479 3498 Quid
498 3431 556 3485 ita?
581 3431 636 3483 Aut
655 3431 718 3501 quid
736 3429 882 3483 factumst?

297 3527 443 3593 Heaut.
464 3526 527 3592 595
541 3543 588 3606 sq.

513 3624 608 3693 ecquid
691 3624 777 3692 egisti,
796 3622 882 3692 Syre?
919 3623 974 3675 Aut

408 3710 582 3782 Repperisti?

300 3808 444 3872 Heaut.
465 3806 528 3870 674

411 3906 479 3970 Quid
499 3903 594 3973 agam?
631 3903 685 3955 Aut
704 3903 766 3970 quid
787 3904 988 3959 comminiscar?

301 4000 459 4064 Phorm.
485 3999 544 4062 192

413 4100 466 4153 Sed
484 4098 531 4151 ubi
550 4096 729 4164 Antiphonem
748 4097 897 4165 reperiam?
925 4098 979 4151 Aut
998 4115 1050 4167 qua
1063 4113 1189 4166 quaerere
1208 4097 1328 4151 insistam
1342 4097 1431 4149 viam?
