3030 4838
616 328 819 392 -13-
943 275 944 279 Ἰ

132 507 237 567 ortum
260 503 336 568 illud
359 524 398 568 ex
418 527 452 569 rs
473 509 505 571 et
529 507 685 589 syllabam
707 513 753 570 ter
773 507 933 589 positione
952 507 1143 589 productam
1161 508 1193 572 in
1208 529 1302 574 versu

131 605 327 669 Bacchidum
355 606 448 670 1127:
1075 632 1077 636 “

438 722 517 777 Rerin
538 729 578 777 ter
596 726 624 776 in
643 725 712 777 tnno
730 729 760 777 tu
779 725 826 777 has
845 722 989 777 tensitari?

130 827 236 904 Quam
265 830 422 893 rationem
452 849 525 893 cum
556 830 599 893 ad
626 830 804 911 particulae
829 829 875 893 vel
896 832 1047 893 naturam
1070 830 1299 896 declarandam

128 929 324 1007 transferret,
347 930 534 994 Skutschius
556 931 711 995 conclusit
731 932 777 994 vel
797 950 836 994 ex
852 931 915 994 vals
938 930 1077 995 derivari
1101 950 1166 994 non
1189 944 1317 1013 possea

128 1029 223 1109 prisci
248 1031 332 1093 enim
355 1030 437 1094 illius
458 1051 474 1094 s
503 1031 625 1094 nullum
657 1031 750 1094 nobis
771 1031 923 1094 indicium
946 1034 1108 1094 servatum
1132 1050 1215 1109 esse,
1245 1032 1302 1096 sed

129 1129 278 1192 omnibus
308 1131 353 1194 eis
383 1130 474 1207 locis,
505 1132 622 1214 quibus
650 1133 697 1195 vel
723 1131 811 1213 apud
832 1130 984 1195 Plautum
1007 1135 1198 1212 usurpatum
1221 1134 1303 1196 esset

129 1228 245 1309 (adfert
266 1231 402 1314 exempli
427 1251 525 1295 causa
546 1232 665 1312 Amph.
688 1252 718 1295 v.
736 1232 813 1297 917:
836 1231 980 1295 Ridiculi
998 1253 1104 1295 cocao.
1142 1227 1202 1296 Va
1221 1231 1303 1296 bunc

127 1329 234 1405 rosrdto
257 1330 398 1407 Sosium
422 1332 514 1396 Cure.
538 1352 566 1395 v.
589 1333 667 1397 611:
689 1334 737 1396 vc⁹l
759 1338 795 1395 iu
817 1333 1028 1412 ebldrnpdem;
1054 1334 1147 1396 Most.
1170 1353 1199 1396 v.
1221 1333 1300 1397 410:

127 1423 174 1493 adl
197 1436 322 1514 optumo
345 1430 471 1513 [versus
493 1433 705 1514 interpolatus
726 1431 805 1514 est];
826 1433 924 1497 Poen.
948 1453 977 1497 r.
998 1434 1077 1497 827:
1099 1426 1150 1498 cdl
1171 1438 1207 1496 tn
1230 1436 1301 1496 luca

126 1532 235 1594 lamiis
257 1529 306 1597 cc⁶l
327 1538 363 1596 tn
378 1534 534 1616 pietatum
559 1534 657 1597 Stich.
680 1554 709 1597 v.
722 1534 800 1598 619:
823 1529 872 1598 ue‘l
894 1532 1001 1613 tuter),
1020 1537 1164 1597 'metrum
1188 1537 1300 1615 postu-

127 1632 202 1707 lare,
229 1637 263 1696 ut
286 1634 330 1697 uel
350 1654 409 1714 pro
433 1634 523 1697 brevi
544 1634 668 1717 syllaba
689 1638 807 1708 staret3
831 1634 971 1716 exceptis
992 1634 1119 1698 duobus
1140 1634 1299 1716 corruptis

128 1733 271 1796 versibus
293 1734 409 1797 Bacch.
433 1755 462 1798 v.
484 1734 546 1798 902
569 1740 600 1799 et
621 1735 707 1798 Rud.
730 1756 759 1798 v.
783 1736 871 1799 1401.
916 1735 1159 1815 Brugmannum
1189 1738 1299 1799 autem

126 1851 191 1895 non
214 1833 355 1912 induxit,
386 1839 421 1898 ut
443 1835 484 1898 de
506 1855 564 1899 sua
587 1836 851 1916 interpretatione
873 1835 1066 1916 desperaret.
1108 1834 1170 1913 Qui
1192 1835 1299 1916 potius

127 1933 158 1996 in
182 1933 241 1996 illis
264 1935 338 2015 ipsis
360 1935 486 1999 duobus
507 1935 661 2013 versibus,
685 1955 767 2019 quos
783 1935 969 2000 Skutschius
991 1939 1159 2017 corruptos
1177 1954 1245 1999 esse
1266 1939 1297 1999 et

126 2034 169 2096 ad
192 2036 413 2115 quaestionem
437 2036 648 2101 evolvendam
674 2037 792 2101 nullius
814 2031 968 2100 momenti
991 2035 1132 2112 dixerat,
1161 2036 1298 2116 digitum

126 2134 278 2216 imposuit
307 2136 416 2217 eisque
445 2156 522 2201 usus
550 2142 613 2216 est,
648 2142 682 2202 ut
712 2157 804 2201 suam
836 2137 1027 2201 sententiam
1065 2136 1299 2219 comprobaret.

127 2236 256 2312 Versus,
279 2236 333 2317 qui
355 2256 499 2318 pugnam
522 2239 753 2316 excitaverunt,
776 2238 821 2302 sic
842 2237 951 2302 traditi
973 2240 1065 2301 sunt:

168 2353 285 2417 Bacch.
308 2375 337 2418 r.
360 2355 438 2419 902:

277 2471 350 2524 Abeo
369 2472 402 2524 ad
420 2473 506 2525 forum
525 2473 614 2539 igitur.
634 2502 666 2509 -
685 2473 734 2526 Vel
754 2473 841 2526 hercle
860 2472 887 2525 in
906 2474 1001 2526 malam
1021 2489 1133 2526 crucem.

166 2575 251 2640 Bud.
274 2581 303 2640 i.
329 2577 424 2642 1401:

276 2694 433 2763 Vapulabis,
452 2696 559 2748 verbum
580 2695 602 2748 si
621 2694 689 2748 adde
707 2695 776 2748 istuc
795 2712 886 2748 unum.
904 2724 938 2733 -
958 2694 1006 2747 Vel
1025 2694 1113 2747 hercle
1131 2694 1206 2746 enica
1256 2766 1257 2770 Ἰ

126 2818 223 2879 quem
241 2819 369 2863 versum
380 2799 506 2864 Brixius
528 2799 570 2864 ad
592 2820 719 2865 sensum
743 2806 775 2866 et
796 2804 979 2865 contextum
1003 2799 1167 2882 aptissime
1186 2818 1296 2864 emen-

126 2899 215 2963 davit
234 2920 435 2982 proponens:
457 2902 488 2964 si
508 2902 606 2966 addes
627 2923 736 2965 unum.
777 2901 884 2980 Quam
901 2901 1070 2966 lectionem
1089 2900 1211 2982 optimo
1228 2899 1297 2962 iure

124 3000 157 3062 in
179 3001 335 3065 editiones
356 3006 483 3066 nostras
505 3001 686 3083 recipimus.

205 3120 408 3197 SolmsenuS,
438 3120 493 3202 qui
522 3139 623 3202 usque
659 3120 701 3183 ad
722 3119 784 3183 hoc
804 3117 958 3200 temporis
978 3120 1161 3199 postremus
1182 3116 1245 3180 hac
1267 3115 1299 3179 in

124 3239 159 3282 re
181 3224 326 3284 versatus
349 3225 406 3300 est,
428 3222 637 3302 Brugrnanno
659 3220 724 3284 duo
746 3223 937 3300 argumenta
961 3218 1126 3300 opposuit:
1155 3217 1296 3299 primum

123 3319 155 3383 in
179 3319 238 3385 illis
257 3321 383 3385 duobus
397 3323 541 3387 versibus
556 3342 616 3404 pro
631 3323 678 3386 vel
696 3320 930 3385 restituendum
954 3338 1023 3383 esse
1045 3319 1091 3382 cel
1112 3324 1162 3395 tu3
1185 3336 1298 3381 omnes

126 3421 210 3484 enirn
235 3421 314 3485 alios
335 3422 438 3501 locos,
468 3423 585 3504 quibus
615 3421 655 3486 de
678 3421 860 3504 quantitate
885 3419 1064 3503 particulae
1085 3418 1133 3481 vel
1155 3418 1298 3481 iudicare

126 3521 295 3603 possimus,
317 3522 448 3586 brevem
471 3521 628 3604 syllabam
650 3521 823 3603 postulare.
854 3520 906 3584 Ad
923 3537 977 3583 eos
991 3538 1111 3597 versuS,
1134 3538 1216 3601 quos
1232 3518 1296 3582 iarn

123 3621 310 3685 Skutschius
341 3622 500 3695 enotavit,
532 3625 596 3686 tres
628 3621 737 3699 addit,
774 3620 867 3684 Cure.
899 3621 978 3684 483:
1016 3622 1062 3683 uel
1095 3621 1217 3683 lonium
1251 3622 1298 3682 oet

122 3721 338 3805 bdrrlspicem;
361 3721 478 3787 Bacch.
499 3722 597 3791 1042:
618 3720 666 3785 cel
686 3725 721 3785 rit
742 3720 859 3784 ostrum
874 3720 1016 3803 perdas,
1039 3719 1132 3801 Capt.
1149 3720 1227 3783 370:
1249 3721 1297 3784 cel
1394 3785 1398 3792 ,

123 3827 176 3903 ἔφυ
197 3822 266 3886 luia
309 3822 431 3886 Deinde
451 3822 539 3904 quod
560 3821 796 3903 gravissimum,
814 3840 941 3902 semper
956 3820 1038 3884 velen
1054 3819 1198 3897 inveniri,
1221 3838 1294 3882 curn

122 3923 275 3986 terruerit
303 3921 487 4002 analogiam
515 3921 616 3986 secuti
646 3921 740 3987 vellat
769 3924 1004 4003 exspectemuS,
1034 3919 1060 3983 si
1088 3921 1133 3984 vel
1161 3919 1202 3984 de
1231 3919 1294 3983 vals

123 4021 304 4086 derivatum
326 4022 377 4086 sit.

204 4122 351 4188 Alterum
383 4124 610 4203 argumentum
641 4122 762 4206 optime
791 4120 870 4186 mihi
899 4121 1033 4186 allatum
1062 4140 1130 4184 esse
1158 4120 1294 4184 videtur.
