<?xml version="1.0" encoding="UTF-8"?>
<!DOCTYPE html PUBLIC "-//W3C//DTD XHTML 1.0 Transitional//EN"
    "http://www.w3.org/TR/xhtml1/DTD/xhtml1-transitional.dtd">
<html xmlns="http://www.w3.org/1999/xhtml" xml:lang="en" lang="en">
 <head>
  <title>
</title>
<meta http-equiv="Content-Type" content="text/html;charset=utf-8" />
  <meta name='ocr-system' content='tesseract 3.04.00' />
  <meta name='ocr-capabilities' content='ocr_page ocr_carea ocr_par ocr_line ocrx_word'/>
</head>
<body>
  <div class='ocr_page' id='page_1' title='image "./develimperativo00kohlgoog_0035.png"; bbox 0 0 3030 4838; ppageno 0'>
   <div class='ocr_carea' id='block_1_1' title="bbox 330 290 975 533">
    <p class='ocr_par' dir='ltr' id='par_1_1' title="bbox 330 290 975 533">
     <span class='ocr_line' id='line_1_1' title="bbox 770 290 975 356; baseline 0 -19"><span class='ocrx_word' id='word_1_1' title='bbox 770 325 809 337; x_wconf 90' lang='lat'><strong>..</strong></span> <span class='ocrx_word' id='word_1_2' title='bbox 852 290 893 356; x_wconf 74' lang='lat'><strong>25</strong></span> <span class='ocrx_word' id='word_1_3' title='bbox 936 326 975 337; x_wconf 89' lang='lat'>-</span> 
     </span>
     <span class='ocr_line' id='line_1_2' title="bbox 330 468 516 533; baseline 0 0"><span class='ocrx_word' id='word_1_4' title='bbox 330 468 408 533; x_wconf 88' lang='lat' dir='ltr'><strong>Mil.</strong></span> <span class='ocrx_word' id='word_1_5' title='bbox 437 468 516 533; x_wconf 71' lang='lat' dir='ltr'><strong>illd</strong></span> 
     </span>
    </p>
   </div>
   <div class='ocr_carea' id='block_1_2' title="bbox 391 568 1342 637">
    <p class='ocr_par' dir='ltr' id='par_1_2' title="bbox 391 568 1342 637">
     <span class='ocr_line' id='line_1_3' title="bbox 391 568 1342 637; baseline 0.002 -17"><span class='ocrx_word' id='word_1_6' title='bbox 391 568 442 621; x_wconf 87' lang='lat' dir='ltr'><strong>Per</strong></span> <span class='ocrx_word' id='word_1_7' title='bbox 459 568 601 636; x_wconf 79' lang='lat' dir='ltr'>epistulam</span> <span class='ocrx_word' id='word_1_8' title='bbox 620 572 667 621; x_wconf 86' lang='lat' dir='ltr'><strong>aut</strong></span> <span class='ocrx_word' id='word_1_9' title='bbox 683 585 731 636; x_wconf 91' lang='lat' dir='ltr'><strong>per</strong></span> <span class='ocrx_word' id='word_1_10' title='bbox 747 570 870 622; x_wconf 90' lang='lat' dir='ltr'><strong>nuntium</strong></span> <span class='ocrx_word' id='word_1_11' title='bbox 890 571 966 637; x_wconf 81' lang='lat' dir='ltr'><strong>quasi</strong></span> <span class='ocrx_word' id='word_1_12' title='bbox 986 586 1073 637; x_wconf 86' lang='lat' dir='ltr'><strong>regem</strong></span> <span class='ocrx_word' id='word_1_13' title='bbox 1094 586 1153 623; x_wconf 88' lang='lat' dir='ltr'><strong>eum</strong></span> <span class='ocrx_word' id='word_1_14' title='bbox 1172 569 1240 622; x_wconf 83' lang='lat' dir='ltr'><strong>adiri</strong></span> <span class='ocrx_word' id='word_1_15' title='bbox 1258 570 1342 622; x_wconf 85' lang='lat' dir='ltr'><strong>aiunt.</strong></span> 
     </span>
    </p>
   </div>
   <div class='ocr_carea' id='block_1_3' title="bbox 328 662 525 727">
    <p class='ocr_par' dir='ltr' id='par_1_3' title="bbox 328 662 525 727">
     <span class='ocr_line' id='line_1_4' title="bbox 328 662 525 727; baseline 0 -1"><span class='ocrx_word' id='word_1_16' title='bbox 328 662 442 726; x_wconf 84' lang='lat' dir='ltr'><strong>Most.</strong></span> <span class='ocrx_word' id='word_1_17' title='bbox 464 663 525 727; x_wconf 86' lang='lat'><strong>953</strong></span> 
     </span>
    </p>
   </div>
   <div class='ocr_carea' id='block_1_4' title="bbox 391 759 1115 830">
    <p class='ocr_par' dir='ltr' id='par_1_4' title="bbox 391 759 1115 830">
     <span class='ocr_line' id='line_1_5' title="bbox 391 759 1115 830; baseline 0.001 -17"><span class='ocrx_word' id='word_1_18' title='bbox 391 760 458 813; x_wconf 89' lang='lat' dir='ltr'><strong>Nam</strong></span> <span class='ocrx_word' id='word_1_19' title='bbox 477 761 530 813; x_wconf 92' lang='lat' dir='ltr'><strong>nisi</strong></span> <span class='ocrx_word' id='word_1_20' title='bbox 550 761 612 813; x_wconf 89' lang='lat' dir='ltr'><strong>hinc</strong></span> <span class='ocrx_word' id='word_1_21' title='bbox 630 759 709 812; x_wconf 88' lang='lat' dir='ltr'><strong>bodie</strong></span> <span class='ocrx_word' id='word_1_22' title='bbox 726 761 865 828; x_wconf 80' lang='lat' dir='ltr'><strong>emigravit</strong></span> <span class='ocrx_word' id='word_1_23' title='bbox 883 765 930 814; x_wconf 87' lang='lat' dir='ltr'><strong>aut</strong></span> <span class='ocrx_word' id='word_1_24' title='bbox 950 761 1007 813; x_wconf 86' lang='lat' dir='ltr'><strong>beri</strong></span> <span class='ocrx_word' id='word_1_25' title='bbox 1026 778 1049 815; x_wconf 88' lang='lat' dir='ltr'><strong>e.</strong></span> <span class='ocrx_word' id='word_1_26' title='bbox 1059 780 1083 830; x_wconf 97' lang='lat' dir='ltr'><strong>q.</strong></span> <span class='ocrx_word' id='word_1_27' title='bbox 1095 778 1115 814; x_wconf 89' lang='lat' dir='ltr'><strong>s.</strong></span> 
     </span>
    </p>
   </div>
   <div class='ocr_carea' id='block_1_5' title="bbox 328 854 501 918">
    <p class='ocr_par' dir='ltr' id='par_1_5' title="bbox 328 854 501 918">
     <span class='ocr_line' id='line_1_6' title="bbox 328 854 501 918; baseline -0.006 0"><span class='ocrx_word' id='word_1_28' title='bbox 328 854 439 918; x_wconf 91' lang='lat' dir='ltr'><strong>Pers.</strong></span> <span class='ocrx_word' id='word_1_29' title='bbox 463 855 501 918; x_wconf 88' lang='lat'><strong>37</strong></span> 
     </span>
    </p>
   </div>
   <div class='ocr_carea' id='block_1_6' title="bbox 394 953 1290 1022">
    <p class='ocr_par' dir='ltr' id='par_1_6' title="bbox 394 953 1290 1022">
     <span class='ocr_line' id='line_1_7' title="bbox 394 953 1290 1022; baseline -0.001 -15"><span class='ocrx_word' id='word_1_30' title='bbox 394 953 466 1016; x_wconf 84' lang='lat' dir='ltr'><strong>Quos</strong></span> <span class='ocrx_word' id='word_1_31' title='bbox 485 955 612 1007; x_wconf 90' lang='lat' dir='ltr'><strong>continuo</strong></span> <span class='ocrx_word' id='word_1_32' title='bbox 631 953 680 1005; x_wconf 88' lang='lat' dir='ltr'><strong>tibi</strong></span> <span class='ocrx_word' id='word_1_33' title='bbox 699 968 825 1021; x_wconf 83' lang='lat' dir='ltr'>reponam</span> <span class='ocrx_word' id='word_1_34' title='bbox 844 954 872 1005; x_wconf 96' lang='lat' dir='ltr'><strong>in</strong></span> <span class='ocrx_word' id='word_1_35' title='bbox 891 954 940 1006; x_wconf 89' lang='lat' dir='ltr'><strong>hcc</strong></span> <span class='ocrx_word' id='word_1_36' title='bbox 959 954 1048 1007; x_wconf 90' lang='lat' dir='ltr'><strong>triduo</strong></span> <span class='ocrx_word' id='word_1_37' title='bbox 1068 959 1115 1008; x_wconf 88' lang='lat' dir='ltr'><strong>aut</strong></span> <span class='ocrx_word' id='word_1_38' title='bbox 1133 954 1290 1022; x_wconf 74' lang='lat' dir='ltr'><strong>quadriduo.</strong></span> 
     </span>
    </p>
   </div>
   <div class='ocr_carea' id='block_1_7' title="bbox 331 1046 830 1128">
    <p class='ocr_par' dir='ltr' id='par_1_7' title="bbox 331 1046 830 1128">
     <span class='ocr_line' id='line_1_8' title="bbox 331 1046 830 1128; baseline -0.004 -16"><span class='ocrx_word' id='word_1_39' title='bbox 331 1048 442 1112; x_wconf 91' lang='lat' dir='ltr'><strong>Pers.</strong></span> <span class='ocrx_word' id='word_1_40' title='bbox 465 1048 526 1111; x_wconf 84' lang='lat'><strong>339</strong></span> <span class='ocrx_word' id='word_1_41' title='bbox 537 1067 584 1128; x_wconf 93' lang='lat' dir='ltr'><strong>sq.</strong></span> <span class='ocrx_word' id='word_1_42' title='bbox 608 1046 659 1126; x_wconf 79' lang='lat' dir='ltr'><strong>(cf.</strong></span> <span class='ocrx_word' id='word_1_43' title='bbox 681 1046 754 1110; x_wconf 87' lang='lat' dir='ltr'><strong>Aul.</strong></span> <span class='ocrx_word' id='word_1_44' title='bbox 777 1046 830 1126; x_wconf 88' lang='lat'><strong>85)</strong></span> 
     </span>
    </p>
   </div>
   <div class='ocr_carea' id='block_1_8' title="bbox 392 1145 1064 1301">
    <p class='ocr_par' dir='ltr' id='par_1_8' title="bbox 392 1145 1064 1301">
     <span class='ocr_line' id='line_1_9' title="bbox 392 1145 1064 1215; baseline -0.003 -15"><span class='ocrx_word' id='word_1_45' title='bbox 392 1149 486 1200; x_wconf 80' lang='lat' dir='ltr'><strong>Mirum</strong></span> <span class='ocrx_word' id='word_1_46' title='bbox 506 1147 571 1215; x_wconf 94' lang='lat' dir='ltr'><strong>quin</strong></span> <span class='ocrx_word' id='word_1_47' title='bbox 590 1146 660 1213; x_wconf 80' lang='lat' dir='ltr'><strong>regis</strong></span> <span class='ocrx_word' id='word_1_48' title='bbox 678 1145 797 1214; x_wconf 91' lang='lat' dir='ltr'><strong>Philippi</strong></span> <span class='ocrx_word' id='word_1_49' title='bbox 815 1161 897 1199; x_wconf 85' lang='lat' dir='ltr'><strong>causa</strong></span> <span class='ocrx_word' id='word_1_50' title='bbox 915 1149 961 1198; x_wconf 89' lang='lat' dir='ltr'><strong>aut</strong></span> <span class='ocrx_word' id='word_1_51' title='bbox 980 1146 1064 1198; x_wconf 84' lang='lat' dir='ltr'><strong>Attali</strong></span> 
     </span>
     <span class='ocr_line' id='line_1_10' title="bbox 392 1232 854 1301; baseline -0.002 -16"><span class='ocrx_word' id='word_1_52' title='bbox 392 1234 429 1285; x_wconf 84' lang='lat' dir='ltr'><strong>Te</strong></span> <span class='ocrx_word' id='word_1_53' title='bbox 449 1232 539 1301; x_wconf 87' lang='lat' dir='ltr'><strong>potius</strong></span> <span class='ocrx_word' id='word_1_54' title='bbox 558 1232 670 1285; x_wconf 89' lang='lat' dir='ltr'><strong>vendam</strong></span> <span class='ocrx_word' id='word_1_55' title='bbox 690 1248 768 1300; x_wconf 83' lang='lat' dir='ltr'><strong>quam</strong></span> <span class='ocrx_word' id='word_1_56' title='bbox 787 1247 854 1284; x_wconf 88' lang='lat' dir='ltr'><strong>mea.</strong></span> 
     </span>
    </p>
   </div>
   <div class='ocr_carea' id='block_1_9' title="bbox 329 1326 532 1391">
    <p class='ocr_par' dir='ltr' id='par_1_9' title="bbox 329 1326 532 1391">
     <span class='ocr_line' id='line_1_11' title="bbox 329 1326 532 1391; baseline -0.005 0"><span class='ocrx_word' id='word_1_57' title='bbox 329 1327 448 1391; x_wconf 91' lang='lat' dir='ltr'><strong>Poen.</strong></span> <span class='ocrx_word' id='word_1_58' title='bbox 471 1326 532 1391; x_wconf 61' lang='lat'><strong>993</strong></span> 
     </span>
    </p>
   </div>
   <div class='ocr_carea' id='block_1_10' title="bbox 393 1423 1145 1493">
    <p class='ocr_par' dir='ltr' id='par_1_10' title="bbox 393 1423 1145 1493">
     <span class='ocr_line' id='line_1_12' title="bbox 393 1423 1145 1493; baseline -0.003 -15"><span class='ocrx_word' id='word_1_59' title='bbox 393 1425 501 1479; x_wconf 82' lang='lat' dir='ltr'><strong>Curram</strong></span> <span class='ocrx_word' id='word_1_60' title='bbox 521 1426 603 1493; x_wconf 79' lang='lat' dir='ltr'><strong>igitur</strong></span> <span class='ocrx_word' id='word_1_61' title='bbox 621 1425 710 1493; x_wconf 87' lang='lat' dir='ltr'><strong>aliquo</strong></span> <span class='ocrx_word' id='word_1_62' title='bbox 730 1424 763 1476; x_wconf 91' lang='lat' dir='ltr'><strong>ad</strong></span> <span class='ocrx_word' id='word_1_63' title='bbox 782 1425 911 1493; x_wconf 80' lang='lat' dir='ltr'><strong>piscinam</strong></span> <span class='ocrx_word' id='word_1_64' title='bbox 932 1424 1030 1477; x_wconf 87' lang='lat' dir='ltr'><strong>autad</strong></span> <span class='ocrx_word' id='word_1_65' title='bbox 1050 1423 1145 1477; x_wconf 88' lang='lat' dir='ltr'><strong>lacum.</strong></span> 
     </span>
    </p>
   </div>
   <div class='ocr_carea' id='block_1_11' title="bbox 329 1520 533 1584">
    <p class='ocr_par' dir='ltr' id='par_1_11' title="bbox 329 1520 533 1584">
     <span class='ocr_line' id='line_1_13' title="bbox 329 1520 533 1584; baseline 0.005 -1"><span class='ocrx_word' id='word_1_66' title='bbox 329 1520 449 1583; x_wconf 90' lang='lat' dir='ltr'><strong>Poen.</strong></span> <span class='ocrx_word' id='word_1_67' title='bbox 471 1520 533 1584; x_wconf 69' lang='grc'><strong>466</strong></span> 
     </span>
    </p>
   </div>
   <div class='ocr_carea' id='block_1_12' title="bbox 286 1615 1459 2563">
    <p class='ocr_par' dir='ltr' id='par_1_12' title="bbox 286 1615 1459 2563">
     <span class='ocr_line' id='line_1_14' title="bbox 392 1615 1101 1685; baseline -0.001 -14"><span class='ocrx_word' id='word_1_68' title='bbox 392 1618 461 1681; x_wconf 84' lang='lat' dir='ltr'><strong>Quid</strong></span> <span class='ocrx_word' id='word_1_69' title='bbox 482 1620 506 1671; x_wconf 89' lang='lat' dir='ltr'><strong>ei</strong></span> <span class='ocrx_word' id='word_1_70' title='bbox 524 1618 607 1671; x_wconf 89' lang='lat' dir='ltr'><strong>divini</strong></span> <span class='ocrx_word' id='word_1_71' title='bbox 627 1620 673 1669; x_wconf 88' lang='lat' dir='ltr'><strong>aut</strong></span> <span class='ocrx_word' id='word_1_72' title='bbox 691 1615 801 1668; x_wconf 90' lang='lat' dir='ltr'><strong>humani</strong></span> <span class='ocrx_word' id='word_1_73' title='bbox 820 1621 957 1685; x_wconf 79' lang='lat' dir='ltr'><strong>aequomst</strong></span> <span class='ocrx_word' id='word_1_74' title='bbox 975 1616 1101 1670; x_wconf 81' lang='lat' dir='ltr'><strong>credere?</strong></span> 
     </span>
     <span class='ocr_line' id='line_1_15' title="bbox 326 1710 531 1777; baseline -0.02 0"><span class='ocrx_word' id='word_1_75' title='bbox 326 1712 447 1777; x_wconf 83' lang='lat' dir='ltr'><strong>Poen.</strong></span> <span class='ocrx_word' id='word_1_76' title='bbox 469 1710 531 1776; x_wconf 88' lang='lat'><strong>518</strong></span> 
     </span>
     <span class='ocr_line' id='line_1_16' title="bbox 394 1809 1295 1876; baseline 0 -12"><span class='ocrx_word' id='word_1_77' title='bbox 394 1812 449 1864; x_wconf 85' lang='lat' dir='ltr'><strong>Nec</strong></span> <span class='ocrx_word' id='word_1_78' title='bbox 468 1811 516 1863; x_wconf 88' lang='lat' dir='ltr'><strong>tibi</strong></span> <span class='ocrx_word' id='word_1_79' title='bbox 535 1825 585 1862; x_wconf 90' lang='lat' dir='ltr'><strong>nos</strong></span> <span class='ocrx_word' id='word_1_80' title='bbox 603 1809 694 1862; x_wconf 83' lang='lat' dir='ltr'><strong>obnixi</strong></span> <span class='ocrx_word' id='word_1_81' title='bbox 713 1824 805 1861; x_wconf 91' lang='lat' dir='ltr'><strong>sumus</strong></span> <span class='ocrx_word' id='word_1_82' title='bbox 825 1809 902 1872; x_wconf 89' lang='lat' dir='ltr'><strong>istuc,</strong></span> <span class='ocrx_word' id='word_1_83' title='bbox 922 1809 985 1876; x_wconf 92' lang='lat' dir='ltr'><strong>quid</strong></span> <span class='ocrx_word' id='word_1_84' title='bbox 1003 1813 1033 1862; x_wconf 91' lang='lat' dir='ltr'><strong>tu</strong></span> <span class='ocrx_word' id='word_1_85' title='bbox 1052 1826 1123 1863; x_wconf 88' lang='lat' dir='ltr'><strong>ames</strong></span> <span class='ocrx_word' id='word_1_86' title='bbox 1143 1814 1189 1862; x_wconf 86' lang='lat' dir='ltr'><strong>aut</strong></span> <span class='ocrx_word' id='word_1_87' title='bbox 1208 1810 1295 1864; x_wconf 85' lang='lat' dir='ltr'><strong>oderis</strong></span> 
     </span>
     <span class='ocr_line' id='line_1_17' title="bbox 287 1894 1459 1980; baseline 0 -18"><span class='ocrx_word' id='word_1_88' title='bbox 287 1898 375 1980; x_wconf 89' lang='lat' dir='ltr'><strong>quod</strong></span> <span class='ocrx_word' id='word_1_89' title='bbox 404 1898 449 1961; x_wconf 86' lang='lat' dir='ltr'><strong>ite</strong></span> <span class='ocrx_word' id='word_1_90' title='bbox 477 1894 703 1977; x_wconf 86' lang='lat' dir='ltr'><strong>explicandum</strong></span> <span class='ocrx_word' id='word_1_91' title='bbox 733 1897 799 1958; x_wconf 86' lang='lat' dir='ltr'><strong>est:</strong></span> <span class='ocrx_word' id='word_1_92' title='bbox 828 1914 934 1976; x_wconf 90' lang='lat' dir='ltr'><strong>neque</strong></span> <span class='ocrx_word' id='word_1_93' title='bbox 964 1896 1042 1977; x_wconf 89' lang='lat' dir='ltr'><strong>quid</strong></span> <span class='ocrx_word' id='word_1_94' title='bbox 1070 1899 1106 1960; x_wconf 91' lang='lat' dir='ltr'><strong>tu</strong></span> <span class='ocrx_word' id='word_1_95' title='bbox 1131 1915 1236 1976; x_wconf 78' lang='lat' dir='ltr'><strong>emec,</strong></span> <span class='ocrx_word' id='word_1_96' title='bbox 1268 1897 1326 1961; x_wconf 89' lang='lat' dir='ltr'><strong>tibi</strong></span> <span class='ocrx_word' id='word_1_97' title='bbox 1348 1898 1459 1963; x_wconf 87' lang='lat' dir='ltr'><strong>obnixi</strong></span> 
     </span>
     <span class='ocr_line' id='line_1_18' title="bbox 286 1993 1459 2079; baseline 0.001 -17"><span class='ocrx_word' id='word_1_98' title='bbox 286 2017 416 2075; x_wconf 89' lang='lat' dir='ltr'><strong>sumus,</strong></span> <span class='ocrx_word' id='word_1_99' title='bbox 447 2015 552 2077; x_wconf 90' lang='lat' dir='ltr'><strong>neque</strong></span> <span class='ocrx_word' id='word_1_100' title='bbox 582 1993 661 2075; x_wconf 89' lang='lat' dir='ltr'><strong>quid</strong></span> <span class='ocrx_word' id='word_1_101' title='bbox 689 1993 803 2057; x_wconf 80' lang='lat' dir='ltr'><strong>oderis</strong></span> <span class='ocrx_word' id='word_1_102' title='bbox 854 1993 921 2057; x_wconf 83' lang='lat' dir='ltr'><strong>Aut</strong></span> <span class='ocrx_word' id='word_1_103' title='bbox 943 1993 1039 2076; x_wconf 82' lang='lat' dir='ltr'><strong>igitur</strong></span> <span class='ocrx_word' id='word_1_104' title='bbox 1060 1996 1103 2059; x_wconf 86' lang='lat' dir='ltr'><strong>ad</strong></span> <span class='ocrx_word' id='word_1_105' title='bbox 1123 1996 1260 2078; x_wconf 88' lang='lat' dir='ltr'><strong>primam</strong></span> <span class='ocrx_word' id='word_1_106' title='bbox 1283 2017 1459 2079; x_wconf 89' lang='lat' dir='ltr'><strong>personam</strong></span> 
     </span>
     <span class='ocr_line' id='line_1_19' title="bbox 288 2097 425 2179; baseline -0.015 -17"><span class='ocrx_word' id='word_1_107' title='bbox 288 2097 425 2179; x_wconf 81' lang='lat' dir='ltr'><strong>respicit.</strong></span> 
     </span>
     <span class='ocr_line' id='line_1_20' title="bbox 326 2193 527 2258; baseline -0.01 0"><span class='ocrx_word' id='word_1_108' title='bbox 326 2195 446 2258; x_wconf 90' lang='lat' dir='ltr'><strong>Poen.</strong></span> <span class='ocrx_word' id='word_1_109' title='bbox 469 2193 527 2256; x_wconf 89' lang='lat'><strong>581</strong></span> 
     </span>
     <span class='ocr_line' id='line_1_21' title="bbox 391 2291 1243 2360; baseline -0.002 -15"><span class='ocrx_word' id='word_1_110' title='bbox 391 2292 461 2356; x_wconf 79' lang='lat' dir='ltr'><strong>Quin</strong></span> <span class='ocrx_word' id='word_1_111' title='bbox 480 2291 573 2360; x_wconf 85' lang='lat' dir='ltr'><strong>edepol</strong></span> <span class='ocrx_word' id='word_1_112' title='bbox 592 2291 745 2344; x_wconf 90' lang='lat' dir='ltr'><strong>condoctior</strong></span> <span class='ocrx_word' id='word_1_113' title='bbox 763 2306 821 2342; x_wconf 89' lang='lat' dir='ltr'><strong>sum</strong></span> <span class='ocrx_word' id='word_1_114' title='bbox 841 2307 918 2360; x_wconf 84' lang='lat' dir='ltr'><strong>quam</strong></span> <span class='ocrx_word' id='word_1_115' title='bbox 938 2291 1056 2359; x_wconf 81' lang='lat' dir='ltr'><strong>tragoedi</strong></span> <span class='ocrx_word' id='word_1_116' title='bbox 1076 2294 1123 2343; x_wconf 90' lang='lat' dir='ltr'><strong>aut</strong></span> <span class='ocrx_word' id='word_1_117' title='bbox 1141 2291 1243 2344; x_wconf 86' lang='lat' dir='ltr'><strong>comici.</strong></span> 
     </span>
     <span class='ocr_line' id='line_1_22' title="bbox 326 2386 551 2450; baseline -0.004 0"><span class='ocrx_word' id='word_1_118' title='bbox 326 2387 446 2450; x_wconf 89' lang='lat' dir='ltr'><strong>Poen.</strong></span> <span class='ocrx_word' id='word_1_119' title='bbox 472 2386 551 2450; x_wconf 67' lang='lat'>1208</span> 
     </span>
     <span class='ocr_line' id='line_1_23' title="bbox 389 2483 1371 2563; baseline -0.003 -25"><span class='ocrx_word' id='word_1_120' title='bbox 389 2486 418 2538; x_wconf 92' lang='lat' dir='ltr'><strong>ld</strong></span> <span class='ocrx_word' id='word_1_121' title='bbox 439 2502 496 2554; x_wconf 87' lang='lat' dir='ltr'><strong>ego,</strong></span> <span class='ocrx_word' id='word_1_122' title='bbox 515 2485 568 2537; x_wconf 89' lang='lat' dir='ltr'><strong>nisi</strong></span> <span class='ocrx_word' id='word_1_123' title='bbox 591 2483 654 2551; x_wconf 91' lang='lat' dir='ltr'><strong>quid</strong></span> <span class='ocrx_word' id='word_1_124' title='bbox 674 2483 716 2535; x_wconf 92' lang='lat' dir='ltr'><strong>dei</strong></span> <span class='ocrx_word' id='word_1_125' title='bbox 735 2487 782 2535; x_wconf 87' lang='lat' dir='ltr'><strong>aut</strong></span> <span class='ocrx_word' id='word_1_126' title='bbox 801 2486 925 2563; x_wconf 84' lang='lat' dir='ltr'><strong>parentes</strong></span> <span class='ocrx_word' id='word_1_127' title='bbox 943 2483 1037 2549; x_wconf 77' lang='lat' dir='ltr'><strong>faxint,</strong></span> <span class='ocrx_word' id='word_1_128' title='bbox 1056 2483 1102 2552; x_wconf 89' lang='lat' dir='ltr'><strong>qui</strong></span> <span class='ocrx_word' id='word_1_129' title='bbox 1121 2499 1232 2551; x_wconf 88' lang='lat' dir='ltr'><strong>sperem,</strong></span> <span class='ocrx_word' id='word_1_130' title='bbox 1253 2483 1371 2536; x_wconf 85' lang='lat' dir='ltr'><strong>bauscic.</strong></span> 
     </span>
    </p>
   </div>
   <div class='ocr_carea' id='block_1_13' title="bbox 325 2578 550 2643">
    <p class='ocr_par' dir='ltr' id='par_1_13' title="bbox 325 2578 550 2643">
     <span class='ocr_line' id='line_1_24' title="bbox 325 2578 550 2643; baseline 0 -2"><span class='ocrx_word' id='word_1_131' title='bbox 325 2579 446 2643; x_wconf 91' lang='lat' dir='ltr'><strong>Poen.</strong></span> <span class='ocrx_word' id='word_1_132' title='bbox 471 2578 550 2642; x_wconf 84' lang='lat'>1315</span> 
     </span>
    </p>
   </div>
   <div class='ocr_carea' id='block_1_14' title="bbox 388 2673 1163 2742">
    <p class='ocr_par' dir='ltr' id='par_1_14' title="bbox 388 2673 1163 2742">
     <span class='ocr_line' id='line_1_25' title="bbox 388 2673 1163 2742; baseline -0.005 -12"><span class='ocrx_word' id='word_1_133' title='bbox 388 2678 458 2730; x_wconf 87' lang='lat' dir='ltr'><strong>Num</strong></span> <span class='ocrx_word' id='word_1_134' title='bbox 477 2677 535 2742; x_wconf 87' lang='lat' dir='ltr'><strong>tibi,</strong></span> <span class='ocrx_word' id='word_1_135' title='bbox 554 2675 719 2740; x_wconf 80' lang='lat' dir='ltr'><strong>adulescens,</strong></span> <span class='ocrx_word' id='word_1_136' title='bbox 739 2674 824 2727; x_wconf 89' lang='lat' dir='ltr'><strong>malae</strong></span> <span class='ocrx_word' id='word_1_137' title='bbox 843 2678 890 2727; x_wconf 88' lang='lat' dir='ltr'><strong>aut</strong></span> <span class='ocrx_word' id='word_1_138' title='bbox 908 2674 1001 2726; x_wconf 86' lang='lat' dir='ltr'><strong>dentes</strong></span> <span class='ocrx_word' id='word_1_139' title='bbox 1019 2673 1163 2742; x_wconf 76' lang='lat' dir='ltr'><strong>pruriunt?</strong></span> 
     </span>
    </p>
   </div>
   <div class='ocr_carea' id='block_1_15' title="bbox 328 2766 1242 3017">
    <p class='ocr_par' dir='ltr' id='par_1_15' title="bbox 328 2766 1242 3017">
     <span class='ocr_line' id='line_1_26' title="bbox 328 2766 1242 2850; baseline -0.002 -16"><span class='ocrx_word' id='word_1_140' title='bbox 328 2769 471 2834; x_wconf 90' lang='lat' dir='ltr'><strong>Pseud.</strong></span> <span class='ocrx_word' id='word_1_141' title='bbox 497 2769 613 2850; x_wconf 74' lang='lat' dir='ltr'><strong>lOqu.</strong></span> <span class='ocrx_word' id='word_1_142' title='bbox 636 2772 765 2850; x_wconf 85' lang='lat' dir='ltr'><strong>recepta</strong></span> <span class='ocrx_word' id='word_1_143' title='bbox 786 2767 907 2831; x_wconf 86' lang='lat' dir='ltr'><strong>Goetzii</strong></span> <span class='ocrx_word' id='word_1_144' title='bbox 928 2766 1034 2848; x_wconf 90' lang='lat' dir='ltr'><strong>lepida</strong></span> <span class='ocrx_word' id='word_1_145' title='bbox 1057 2767 1242 2832; x_wconf 83' lang='lat' dir='ltr'><strong>coniectura</strong></span> 
     </span>
     <span class='ocr_line' id='line_1_27' title="bbox 388 2865 1210 2937; baseline -0.004 -15"><span class='ocrx_word' id='word_1_146' title='bbox 388 2870 471 2937; x_wconf 87' lang='lat' dir='ltr'><strong>Spero</strong></span> <span class='ocrx_word' id='word_1_147' title='bbox 491 2868 614 2921; x_wconf 89' lang='lat' dir='ltr'><strong>alicunde</strong></span> <span class='ocrx_word' id='word_1_148' title='bbox 633 2867 711 2920; x_wconf 91' lang='lat' dir='ltr'><strong>hodie</strong></span> <span class='ocrx_word' id='word_1_149' title='bbox 731 2882 771 2918; x_wconf 92' lang='lat' dir='ltr'><strong>me</strong></span> <span class='ocrx_word' id='word_1_150' title='bbox 792 2867 860 2919; x_wconf 89' lang='lat' dir='ltr'><strong>bona</strong></span> <span class='ocrx_word' id='word_1_151' title='bbox 879 2881 959 2934; x_wconf 90' lang='lat' dir='ltr'><strong>opera</strong></span> <span class='ocrx_word' id='word_1_152' title='bbox 977 2870 1024 2918; x_wconf 87' lang='lat' dir='ltr'><strong>aut</strong></span> <span class='ocrx_word' id='word_1_153' title='bbox 1041 2865 1122 2933; x_wconf 84' lang='lat' dir='ltr'><strong>&lt;mala</strong></span> <span class='ocrx_word' id='word_1_154' title='bbox 1140 2865 1210 2934; x_wconf 87' lang='lat' dir='ltr'><strong>mea&gt;</strong></span> 
     </span>
     <span class='ocr_line' id='line_1_28' title="bbox 388 2949 1067 3017; baseline -0.003 -12"><span class='ocrx_word' id='word_1_155' title='bbox 388 2953 448 3006; x_wconf 87' lang='lat' dir='ltr'><strong>Tibi</strong></span> <span class='ocrx_word' id='word_1_156' title='bbox 467 2953 634 3004; x_wconf 83' lang='lat' dir='ltr'><strong>inventurum</strong></span> <span class='ocrx_word' id='word_1_157' title='bbox 654 2967 712 3004; x_wconf 84' lang='lat' dir='ltr'><strong>esse</strong></span> <span class='ocrx_word' id='word_1_158' title='bbox 732 2949 860 3003; x_wconf 85' lang='lat' dir='ltr'><strong>auxilium</strong></span> <span class='ocrx_word' id='word_1_159' title='bbox 880 2951 1067 3017; x_wconf 86' lang='lat' dir='ltr'><strong>argentarium.</strong></span> 
     </span>
    </p>
   </div>
   <div class='ocr_carea' id='block_1_16' title="bbox 326 3046 631 3127">
    <p class='ocr_par' dir='ltr' id='par_1_16' title="bbox 326 3046 631 3127">
     <span class='ocr_line' id='line_1_29' title="bbox 326 3046 631 3127; baseline -0.003 -17"><span class='ocrx_word' id='word_1_160' title='bbox 326 3046 469 3111; x_wconf 89' lang='lat' dir='ltr'><strong>Pseud.</strong></span> <span class='ocrx_word' id='word_1_161' title='bbox 493 3046 631 3127; x_wconf 70' lang='lat' dir='ltr'><strong>larosp.</strong></span> 
     </span>
    </p>
   </div>
   <div class='ocr_carea' id='block_1_17' title="bbox 389 3142 1270 3284">
    <p class='ocr_par' dir='ltr' id='par_1_17' title="bbox 389 3142 1270 3284">
     <span class='ocr_line' id='line_1_30' title="bbox 389 3142 1270 3213; baseline -0.003 -16"><span class='ocrx_word' id='word_1_162' title='bbox 389 3144 472 3207; x_wconf 84' lang='lat' dir='ltr'><strong>Quam</strong></span> <span class='ocrx_word' id='word_1_163' title='bbox 493 3145 521 3197; x_wconf 90' lang='lat' dir='ltr'><strong>in</strong></span> <span class='ocrx_word' id='word_1_164' title='bbox 540 3144 600 3213; x_wconf 84' lang='lat' dir='ltr'><strong>aliis</strong></span> <span class='ocrx_word' id='word_1_165' title='bbox 619 3143 761 3198; x_wconf 89' lang='lat' dir='ltr'><strong>comoediis</strong></span> <span class='ocrx_word' id='word_1_166' title='bbox 779 3143 818 3210; x_wconf 92' lang='lat' dir='ltr'><strong>fit,</strong></span> <span class='ocrx_word' id='word_1_167' title='bbox 836 3143 883 3195; x_wconf 88' lang='lat' dir='ltr'><strong>ubi</strong></span> <span class='ocrx_word' id='word_1_168' title='bbox 902 3158 961 3195; x_wconf 89' lang='lat' dir='ltr'><strong>cum</strong></span> <span class='ocrx_word' id='word_1_169' title='bbox 981 3143 1095 3195; x_wconf 90' lang='lat' dir='ltr'><strong>stimulis</strong></span> <span class='ocrx_word' id='word_1_170' title='bbox 1115 3148 1162 3196; x_wconf 86' lang='lat' dir='ltr'><strong>aut</strong></span> <span class='ocrx_word' id='word_1_171' title='bbox 1179 3142 1270 3210; x_wconf 83' lang='lat' dir='ltr'><strong>flagris</strong></span> 
     </span>
     <span class='ocr_line' id='line_1_31' title="bbox 389 3231 561 3284; baseline 0 0"><span class='ocrx_word' id='word_1_172' title='bbox 389 3231 561 3284; x_wconf 86' lang='lat' dir='ltr'><strong>Insidiantur.</strong></span> 
     </span>
    </p>
   </div>
   <div class='ocr_carea' id='block_1_18' title="bbox 325 3325 568 3389">
    <p class='ocr_par' dir='ltr' id='par_1_18' title="bbox 325 3325 568 3389">
     <span class='ocr_line' id='line_1_32' title="bbox 325 3325 568 3389; baseline 0 -1"><span class='ocrx_word' id='word_1_173' title='bbox 325 3325 467 3389; x_wconf 90' lang='lat' dir='ltr'><strong>Pseud.</strong></span> <span class='ocrx_word' id='word_1_174' title='bbox 493 3325 568 3388; x_wconf 66' lang='lat'>1261</span> 
     </span>
    </p>
   </div>
   <div class='ocr_carea' id='block_1_19' title="bbox 388 3421 1454 3494">
    <p class='ocr_par' dir='ltr' id='par_1_19' title="bbox 388 3421 1454 3494">
     <span class='ocr_line' id='line_1_33' title="bbox 388 3421 1454 3494; baseline 0.004 -18"><span class='ocrx_word' id='word_1_175' title='bbox 388 3423 440 3476; x_wconf 89' lang='lat' dir='ltr'><strong>Ubi</strong></span> <span class='ocrx_word' id='word_1_176' title='bbox 451 3440 564 3475; x_wconf 87' lang='lat' dir='ltr'><strong>mamma</strong></span> <span class='ocrx_word' id='word_1_177' title='bbox 574 3421 740 3475; x_wconf 87' lang='lat' dir='ltr'><strong>mammicula</strong></span> <span class='ocrx_word' id='word_1_178' title='bbox 751 3423 909 3490; x_wconf 84' lang='lat' dir='ltr'><strong>opprimitur</strong></span> <span class='ocrx_word' id='word_1_179' title='bbox 919 3426 965 3475; x_wconf 90' lang='lat' dir='ltr'><strong>aut</strong></span> <span class='ocrx_word' id='word_1_180' title='bbox 975 3423 997 3475; x_wconf 91' lang='lat' dir='ltr'><strong>si</strong></span> <span class='ocrx_word' id='word_1_181' title='bbox 1011 3423 1084 3476; x_wconf 91' lang='lat' dir='ltr'><strong>lubet</strong></span> <span class='ocrx_word' id='word_1_182' title='bbox 1100 3439 1211 3492; x_wconf 89' lang='lat' dir='ltr'><strong>corpora</strong></span> <span class='ocrx_word' id='word_1_183' title='bbox 1223 3424 1454 3494; x_wconf 88' lang='lat' dir='ltr'><strong>conduplicantur.</strong></span> 
     </span>
    </p>
   </div>
   <div class='ocr_carea' id='block_1_20' title="bbox 325 3517 502 3582">
    <p class='ocr_par' dir='ltr' id='par_1_20' title="bbox 325 3517 502 3582">
     <span class='ocr_line' id='line_1_34' title="bbox 325 3517 502 3582; baseline 0.006 -2"><span class='ocrx_word' id='word_1_184' title='bbox 325 3517 422 3581; x_wconf 88' lang='lat' dir='ltr'><strong>Rud.</strong></span> <span class='ocrx_word' id='word_1_185' title='bbox 448 3518 502 3582; x_wconf 83' lang='lat'><strong>191</strong></span> 
     </span>
    </p>
   </div>
   <div class='ocr_carea' id='block_1_21' title="bbox 389 3613 1093 3684">
    <p class='ocr_par' dir='ltr' id='par_1_21' title="bbox 389 3613 1093 3684">
     <span class='ocr_line' id='line_1_35' title="bbox 389 3613 1093 3684; baseline -0.003 -16"><span class='ocrx_word' id='word_1_186' title='bbox 389 3616 417 3668; x_wconf 88' lang='lat' dir='ltr'><strong>Si</strong></span> <span class='ocrx_word' id='word_1_187' title='bbox 435 3632 497 3684; x_wconf 82' lang='lat' dir='ltr'><strong>erga</strong></span> <span class='ocrx_word' id='word_1_188' title='bbox 515 3621 652 3684; x_wconf 88' lang='lat' dir='ltr'><strong>parentem</strong></span> <span class='ocrx_word' id='word_1_189' title='bbox 671 3618 717 3666; x_wconf 88' lang='lat' dir='ltr'><strong>aut</strong></span> <span class='ocrx_word' id='word_1_190' title='bbox 736 3613 799 3666; x_wconf 90' lang='lat' dir='ltr'><strong>deos</strong></span> <span class='ocrx_word' id='word_1_191' title='bbox 818 3631 859 3666; x_wconf 87' lang='lat' dir='ltr'><strong>mc</strong></span> <span class='ocrx_word' id='word_1_192' title='bbox 877 3615 986 3683; x_wconf 85' lang='lat' dir='ltr'><strong>impiari</strong></span> <span class='ocrx_word' id='word_1_193' title='bbox 1004 3631 1025 3667; x_wconf 92' lang='lat' dir='ltr'><strong>e.</strong></span> <span class='ocrx_word' id='word_1_194' title='bbox 1037 3631 1060 3683; x_wconf 93' lang='lat' dir='ltr'><strong>q.</strong></span> <span class='ocrx_word' id='word_1_195' title='bbox 1072 3631 1093 3666; x_wconf 90' lang='lat' dir='ltr'><strong>s.</strong></span> 
     </span>
    </p>
   </div>
   <div class='ocr_carea' id='block_1_22' title="bbox 324 3707 565 3791">
    <p class='ocr_par' dir='ltr' id='par_1_22' title="bbox 324 3707 565 3791">
     <span class='ocr_line' id='line_1_36' title="bbox 324 3707 565 3791; baseline 0.004 -20"><span class='ocrx_word' id='word_1_196' title='bbox 324 3707 424 3772; x_wconf 90' lang='lat' dir='ltr'><strong>Rud.</strong></span> <span class='ocrx_word' id='word_1_197' title='bbox 449 3710 508 3775; x_wconf 87' lang='grc'><strong>196</strong></span> <span class='ocrx_word' id='word_1_198' title='bbox 519 3728 565 3791; x_wconf 92' lang='lat' dir='ltr'><strong>sq.</strong></span> 
     </span>
    </p>
   </div>
   <div class='ocr_carea' id='block_1_23' title="bbox 388 3812 1106 3966">
    <p class='ocr_par' dir='ltr' id='par_1_23' title="bbox 388 3812 1106 3966">
     <span class='ocr_line' id='line_1_37' title="bbox 388 3812 1106 3882; baseline 0.001 -16"><span class='ocrx_word' id='word_1_199' title='bbox 388 3815 452 3867; x_wconf 87' lang='lat' dir='ltr'><strong>Nam</strong></span> <span class='ocrx_word' id='word_1_200' title='bbox 473 3832 514 3868; x_wconf 93' lang='lat' dir='ltr'><strong>me</strong></span> <span class='ocrx_word' id='word_1_201' title='bbox 532 3816 555 3868; x_wconf 88' lang='lat' dir='ltr'><strong>si</strong></span> <span class='ocrx_word' id='word_1_202' title='bbox 573 3817 654 3867; x_wconf 88' lang='lat' dir='ltr'><strong>sciam</strong></span> <span class='ocrx_word' id='word_1_203' title='bbox 671 3813 712 3882; x_wconf 86' lang='lat' dir='ltr'><strong>&lt;in</strong></span> <span class='ocrx_word' id='word_1_204' title='bbox 730 3812 790 3881; x_wconf 86' lang='lat' dir='ltr'><strong>vos&gt;</strong></span> <span class='ocrx_word' id='word_1_205' title='bbox 808 3814 904 3866; x_wconf 84' lang='lat' dir='ltr'><strong>iecisse</strong></span> <span class='ocrx_word' id='word_1_206' title='bbox 922 3818 969 3866; x_wconf 84' lang='lat' dir='ltr'><strong>aut</strong></span> <span class='ocrx_word' id='word_1_207' title='bbox 987 3815 1106 3882; x_wconf 87' lang='lat' dir='ltr'><strong>parentis</strong></span> 
     </span>
     <span class='ocr_line' id='line_1_38' title="bbox 455 3901 873 3966; baseline -0.007 -12"><span class='ocrx_word' id='word_1_208' title='bbox 455 3901 580 3966; x_wconf 82' lang='lat' dir='ltr'><strong>Scelesta,</strong></span> <span class='ocrx_word' id='word_1_209' title='bbox 599 3902 686 3953; x_wconf 89' lang='lat' dir='ltr'><strong>minus</strong></span> <span class='ocrx_word' id='word_1_210' title='bbox 704 3917 745 3952; x_wconf 90' lang='lat' dir='ltr'><strong>me</strong></span> <span class='ocrx_word' id='word_1_211' title='bbox 763 3901 873 3952; x_wconf 88' lang='lat' dir='ltr'><strong>miserer</strong></span> 
     </span>
    </p>
   </div>
   <div class='ocr_carea' id='block_1_24' title="bbox 282 3992 1453 4174">
    <p class='ocr_par' dir='ltr' id='par_1_24' title="bbox 282 3992 1453 4174">
     <span class='ocr_line' id='line_1_39' title="bbox 282 3992 1453 4076; baseline 0 -18"><span class='ocrx_word' id='word_1_212' title='bbox 282 3994 308 4058; x_wconf 88' lang='lat' dir='ltr'><strong>si</strong></span> <span class='ocrx_word' id='word_1_213' title='bbox 330 3994 366 4058; x_wconf 77' lang='lat' dir='ltr'><strong>ira</strong></span> <span class='ocrx_word' id='word_1_214' title='bbox 386 4016 454 4076; x_wconf 57' lang='lat' dir='ltr'><strong>aros,</strong></span> <span class='ocrx_word' id='word_1_215' title='bbox 481 3994 569 4076; x_wconf 90' lang='lat' dir='ltr'><strong>quod</strong></span> <span class='ocrx_word' id='word_1_216' title='bbox 591 3994 655 4058; x_wconf 86' lang='lat' dir='ltr'><strong>Leo</strong></span> <span class='ocrx_word' id='word_1_217' title='bbox 677 3992 853 4075; x_wconf 89' lang='lat' dir='ltr'><strong>supplevit,</strong></span> <span class='ocrx_word' id='word_1_218' title='bbox 883 3993 1134 4075; x_wconf 80' lang='lat' dir='ltr'><strong>interponimuS,</strong></span> <span class='ocrx_word' id='word_1_219' title='bbox 1163 3995 1217 4076; x_wconf 91' lang='lat' dir='ltr'><strong>qui</strong></span> <span class='ocrx_word' id='word_1_220' title='bbox 1240 4014 1364 4059; x_wconf 89' lang='lat' dir='ltr'><strong>conexu</strong></span> <span class='ocrx_word' id='word_1_221' title='bbox 1385 4014 1453 4058; x_wconf 89' lang='lat' dir='ltr'><strong>ser·</strong></span> 
     </span>
     <span class='ocr_line' id='line_1_40' title="bbox 282 4092 929 4174; baseline 0 -18"><span class='ocrx_word' id='word_1_222' title='bbox 282 4094 386 4157; x_wconf 87' lang='lat' dir='ltr'><strong>monis</strong></span> <span class='ocrx_word' id='word_1_223' title='bbox 408 4094 589 4174; x_wconf 87' lang='lat' dir='ltr'><strong>postulatur</strong></span> <span class='ocrx_word' id='word_1_224' title='bbox 609 4113 721 4157; x_wconf 89' lang='lat' dir='ltr'><strong>sensus</strong></span> <span class='ocrx_word' id='word_1_225' title='bbox 742 4092 929 4157; x_wconf 87' lang='lat' dir='ltr'><strong>restituitur.</strong></span> 
     </span>
    </p>
   </div>
   <div class='ocr_carea' id='block_1_25' title="bbox 0 0 1520 4838">
    <p class='ocr_par' dir='ltr' id='par_1_25' title="bbox 0 0 1520 4838">
     <span class='ocr_line' id='line_1_41' title="bbox 0 0 1520 4838; baseline 0 3"><span class='ocrx_word' id='word_1_226' title='bbox 0 0 1520 4838; x_wconf 95' lang='lat' dir='ltr'><strong> </strong></span> 
     </span>
    </p>
   </div>
  </div>
 </body>
</html>
