<?xml version="1.0" encoding="UTF-8"?>
<!DOCTYPE html PUBLIC "-//W3C//DTD XHTML 1.0 Transitional//EN"
    "http://www.w3.org/TR/xhtml1/DTD/xhtml1-transitional.dtd">
<html xmlns="http://www.w3.org/1999/xhtml" xml:lang="en" lang="en">
 <head>
  <title>
</title>
<meta http-equiv="Content-Type" content="text/html;charset=utf-8" />
  <meta name='ocr-system' content='tesseract 3.04.00' />
  <meta name='ocr-capabilities' content='ocr_page ocr_carea ocr_par ocr_line ocrx_word'/>
</head>
<body>
  <div class='ocr_page' id='page_1' title='image "./develimperativo00kohlgoog_0062.png"; bbox 0 0 3030 4838; ppageno 0'>
   <div class='ocr_carea' id='block_1_1' title="bbox 648 281 851 346">
    <p class='ocr_par' dir='ltr' id='par_1_1' title="bbox 648 281 851 346">
     <span class='ocr_line' id='line_1_1' title="bbox 648 281 851 346; baseline -0.01 -20"><span class='ocrx_word' id='word_1_1' title='bbox 648 281 851 346; x_wconf 76' lang='lat'>..53-</span> 
     </span>
    </p>
   </div>
   <div class='ocr_carea' id='block_1_2' title="bbox 327 457 993 614">
    <p class='ocr_par' dir='ltr' id='par_1_2' title="bbox 327 457 993 614">
     <span class='ocr_line' id='line_1_2' title="bbox 660 457 967 512; baseline -0.007 0"><span class='ocrx_word' id='word_1_2' title='bbox 660 459 724 512; x_wconf 84' lang='lat' dir='ltr'>Mihi</span> <span class='ocrx_word' id='word_1_3' title='bbox 742 459 875 512; x_wconf 84' lang='lat' dir='ltr'>hominem</span> <span class='ocrx_word' id='word_1_4' title='bbox 894 457 967 511; x_wconf 87' lang='lat' dir='ltr'>cedo.</span> 
     </span>
     <span class='ocr_line' id='line_1_3' title="bbox 327 545 993 614; baseline 0 -17"><span class='ocrx_word' id='word_1_5' title='bbox 327 545 376 598; x_wconf 86' lang='lat' dir='ltr'>Vel</span> <span class='ocrx_word' id='word_1_6' title='bbox 395 545 526 600; x_wconf 90' lang='lat' dir='ltr'>hominem</span> <span class='ocrx_word' id='word_1_7' title='bbox 546 547 609 599; x_wconf 85' lang='lat' dir='ltr'>iube</span> <span class='ocrx_word' id='word_1_8' title='bbox 631 546 704 598; x_wconf 84' lang='lat' dir='ltr'><strong>aedis</strong></span> <span class='ocrx_word' id='word_1_9' title='bbox 723 546 856 614; x_wconf 90' lang='lat' dir='ltr'>mancipio</span> <span class='ocrx_word' id='word_1_10' title='bbox 876 560 993 613; x_wconf 86' lang='lat' dir='ltr'>poscere.</span> 
     </span>
    </p>
   </div>
   <div class='ocr_carea' id='block_1_3' title="bbox 211 639 420 705">
    <p class='ocr_par' dir='ltr' id='par_1_3' title="bbox 211 639 420 705">
     <span class='ocr_line' id='line_1_4' title="bbox 211 639 420 705; baseline 0 -1"><span class='ocrx_word' id='word_1_11' title='bbox 211 639 359 705; x_wconf 86' lang='lat' dir='ltr'><strong>Pseud.</strong></span> <span class='ocrx_word' id='word_1_12' title='bbox 383 641 420 704; x_wconf 87' lang='grc'>31</span> 
     </span>
    </p>
   </div>
   <div class='ocr_carea' id='block_1_4' title="bbox 327 733 1097 807">
    <p class='ocr_par' dir='ltr' id='par_1_4' title="bbox 327 733 1097 807">
     <span class='ocr_line' id='line_1_5' title="bbox 327 733 1097 807; baseline -0.008 -16"><span class='ocrx_word' id='word_1_13' title='bbox 327 739 398 807; x_wconf 83' lang='lat' dir='ltr'>Lege</span> <span class='ocrx_word' id='word_1_14' title='bbox 416 739 458 792; x_wconf 84' lang='lat' dir='ltr'>vel</span> <span class='ocrx_word' id='word_1_15' title='bbox 477 738 589 791; x_wconf 87' lang='lat' dir='ltr'>tabellas</span> <span class='ocrx_word' id='word_1_16' title='bbox 608 736 697 790; x_wconf 85' lang='lat' dir='ltr'><strong>redde.</strong></span> <span class='ocrx_word' id='word_1_17' title='bbox 717 767 749 774; x_wconf 98' lang='lat'>—</span> <span class='ocrx_word' id='word_1_18' title='bbox 768 737 850 790; x_wconf 91' lang='lat' dir='ltr'>Immo</span> <span class='ocrx_word' id='word_1_19' title='bbox 870 737 940 788; x_wconf 88' lang='lat' dir='ltr'>enim</span> <span class='ocrx_word' id='word_1_20' title='bbox 959 733 1097 803; x_wconf 83' lang='lat' dir='ltr'>pellegam.</span> 
     </span>
    </p>
   </div>
   <div class='ocr_carea' id='block_1_5' title="bbox 174 825 1345 1510">
    <p class='ocr_par' dir='ltr' id='par_1_5' title="bbox 174 825 1345 1510">
     <span class='ocr_line' id='line_1_6' title="bbox 174 825 1345 914; baseline -0.008 -18"><span class='ocrx_word' id='word_1_21' title='bbox 174 832 348 914; x_wconf 86' lang='lat' dir='ltr'>Langenus</span> <span class='ocrx_word' id='word_1_22' title='bbox 369 836 493 897; x_wconf 85' lang='lat' dir='ltr'>censet:</span> <span class='ocrx_word' id='word_1_23' title='bbox 525 831 602 913; x_wconf 88' lang='lat' dir='ltr'>,Die</span> <span class='ocrx_word' id='word_1_24' title='bbox 624 832 774 895; x_wconf 85' lang='lat' dir='ltr'>Antwort</span> <span class='ocrx_word' id='word_1_25' title='bbox 803 830 884 911; x_wconf 81' lang='lat' dir='ltr'>zeigt</span> <span class='ocrx_word' id='word_1_26' title='bbox 901 828 981 906; x_wconf 87' lang='lat' dir='ltr'>klar,</span> <span class='ocrx_word' id='word_1_27' title='bbox 1004 827 1079 890; x_wconf 90' lang='lat' dir='ltr'>dass</span> <span class='ocrx_word' id='word_1_28' title='bbox 1102 826 1159 890; x_wconf 89' lang='lat' dir='ltr'>der</span> <span class='ocrx_word' id='word_1_29' title='bbox 1180 829 1263 889; x_wconf 88' lang='lat' dir='ltr'>erste</span> <span class='ocrx_word' id='word_1_30' title='bbox 1285 825 1345 888; x_wconf 90' lang='lat' dir='ltr'>Be-</span> 
     </span>
     <span class='ocr_line' id='line_1_7' title="bbox 174 922 1344 1012; baseline -0.006 -17"><span class='ocrx_word' id='word_1_31' title='bbox 174 931 237 996; x_wconf 84' lang='lat' dir='ltr'>tehl</span> <span class='ocrx_word' id='word_1_32' title='bbox 269 930 373 995; x_wconf 84' lang='lat' dir='ltr'>durch</span> <span class='ocrx_word' id='word_1_33' title='bbox 401 931 451 995; x_wconf 91' lang='lat' dir='ltr'>vel</span> <span class='ocrx_word' id='word_1_34' title='bbox 471 930 782 1012; x_wconf 81' lang='lat' dir='ltr'>zuruckgenornrnen</span> <span class='ocrx_word' id='word_1_35' title='bbox 806 928 903 994; x_wconf 93' lang='lat' dir='ltr'>wird:</span> <span class='ocrx_word' id='word_1_36' title='bbox 925 929 1024 991; x_wconf 90' lang='lat' dir='ltr'>immo</span> <span class='ocrx_word' id='word_1_37' title='bbox 1047 925 1132 989; x_wconf 88' lang='lat' dir='ltr'>enirn</span> <span class='ocrx_word' id='word_1_38' title='bbox 1155 922 1344 1007; x_wconf 82' lang='lat' dir='ltr'>pellegam“.</span> 
     </span>
     <span class='ocr_line' id='line_1_8' title="bbox 175 1023 1345 1112; baseline -0.007 -18"><span class='ocrx_word' id='word_1_39' title='bbox 175 1030 247 1108; x_wconf 88' lang='lat' dir='ltr'>Quo</span> <span class='ocrx_word' id='word_1_40' title='bbox 281 1031 396 1096; x_wconf 88' lang='lat' dir='ltr'>eodem</span> <span class='ocrx_word' id='word_1_41' title='bbox 429 1050 582 1112; x_wconf 90' lang='lat' dir='ltr'>responso</span> <span class='ocrx_word' id='word_1_42' title='bbox 613 1050 672 1111; x_wconf 83' lang='lat' dir='ltr'>ego</span> <span class='ocrx_word' id='word_1_43' title='bbox 706 1030 738 1093; x_wconf 94' lang='lat' dir='ltr'>in</span> <span class='ocrx_word' id='word_1_44' title='bbox 769 1030 864 1093; x_wconf 89' lang='lat' dir='ltr'>aliam</span> <span class='ocrx_word' id='word_1_45' title='bbox 894 1031 1019 1110; x_wconf 88' lang='lat' dir='ltr'>partern</span> <span class='ocrx_word' id='word_1_46' title='bbox 1053 1029 1135 1089; x_wconf 92' lang='lat' dir='ltr'>utor.</span> <span class='ocrx_word' id='word_1_47' title='bbox 1177 1023 1345 1088; x_wconf 85' lang='lat' dir='ltr'>Calidorus</span> 
     </span>
     <span class='ocr_line' id='line_1_9' title="bbox 175 1121 1344 1210; baseline -0.007 -17"><span class='ocrx_word' id='word_1_48' title='bbox 175 1129 269 1194; x_wconf 89' lang='lat' dir='ltr'>dicit:</span> <span class='ocrx_word' id='word_1_49' title='bbox 296 1130 386 1210; x_wconf 89' lang='lat' dir='ltr'>,Lies</span> <span class='ocrx_word' id='word_1_50' title='bbox 406 1130 468 1194; x_wconf 90' lang='lat' dir='ltr'>deu</span> <span class='ocrx_word' id='word_1_51' title='bbox 486 1128 599 1207; x_wconf 83' lang='lat' dir='ltr'>Brief“‚</span> <span class='ocrx_word' id='word_1_52' title='bbox 622 1129 737 1193; x_wconf 89' lang='lat' dir='ltr'>deinde</span> <span class='ocrx_word' id='word_1_53' title='bbox 755 1130 852 1210; x_wconf 91' lang='lat' dir='ltr'>polite</span> <span class='ocrx_word' id='word_1_54' title='bbox 872 1132 903 1192; x_wconf 88' lang='lat' dir='ltr'>et</span> <span class='ocrx_word' id='word_1_55' title='bbox 920 1146 958 1192; x_wconf 90' lang='lat' dir='ltr'>ea</span> <span class='ocrx_word' id='word_1_56' title='bbox 974 1125 1126 1190; x_wconf 88' lang='lat' dir='ltr'>comitate</span> <span class='ocrx_word' id='word_1_57' title='bbox 1141 1143 1206 1206; x_wconf 91' lang='lat' dir='ltr'>qua</span> <span class='ocrx_word' id='word_1_58' title='bbox 1223 1121 1344 1187; x_wconf 90' lang='lat' dir='ltr'>domini</span> 
     </span>
     <span class='ocr_line' id='line_1_10' title="bbox 174 1223 1343 1310; baseline -0.005 -18"><span class='ocrx_word' id='word_1_59' title='bbox 174 1229 205 1292; x_wconf 92' lang='lat' dir='ltr'>in</span> <span class='ocrx_word' id='word_1_60' title='bbox 234 1249 346 1293; x_wconf 90' lang='lat' dir='ltr'>servos</span> <span class='ocrx_word' id='word_1_61' title='bbox 374 1234 527 1308; x_wconf 93' lang='lat' dir='ltr'>utuntur,</span> <span class='ocrx_word' id='word_1_62' title='bbox 559 1229 666 1293; x_wconf 83' lang='lat' dir='ltr'>addit:</span> <span class='ocrx_word' id='word_1_63' title='bbox 698 1228 811 1310; x_wconf 90' lang='lat' dir='ltr'>„oder‚</span> <span class='ocrx_word' id='word_1_64' title='bbox 842 1247 937 1291; x_wconf 93' lang='lat' dir='ltr'>wenn</span> <span class='ocrx_word' id='word_1_65' title='bbox 967 1226 1042 1291; x_wconf 90' lang='lat' dir='ltr'>dir&#39;s</span> <span class='ocrx_word' id='word_1_66' title='bbox 1063 1225 1162 1289; x_wconf 88' lang='lat' dir='ltr'>lieber</span> <span class='ocrx_word' id='word_1_67' title='bbox 1181 1225 1221 1288; x_wconf 91' lang='lat' dir='ltr'>ist</span> <span class='ocrx_word' id='word_1_68' title='bbox 1243 1223 1286 1304; x_wconf 83' lang='lat' dir='ltr'>(d.</span> <span class='ocrx_word' id='word_1_69' title='bbox 1311 1223 1343 1287; x_wconf 91' lang='lat' dir='ltr'>h.</span> 
     </span>
     <span class='ocr_line' id='line_1_11' title="bbox 177 1323 1344 1409; baseline -0.005 -17"><span class='ocrx_word' id='word_1_70' title='bbox 177 1349 270 1393; x_wconf 88' lang='lat' dir='ltr'>wenn</span> <span class='ocrx_word' id='word_1_71' title='bbox 295 1329 354 1393; x_wconf 85' lang='lat' dir='ltr'>das</span> <span class='ocrx_word' id='word_1_72' title='bbox 369 1329 469 1394; x_wconf 86' lang='lat' dir='ltr'>Lcsen</span> <span class='ocrx_word' id='word_1_73' title='bbox 488 1329 536 1393; x_wconf 93' lang='lat' dir='ltr'>dir</span> <span class='ocrx_word' id='word_1_74' title='bbox 553 1329 645 1409; x_wconf 78' lang='lat' dir='ltr'>lastig</span> <span class='ocrx_word' id='word_1_75' title='bbox 666 1327 718 1409; x_wconf 89' lang='lat' dir='ltr'>ist)</span> <span class='ocrx_word' id='word_1_76' title='bbox 743 1327 815 1408; x_wconf 82' lang='lat' dir='ltr'>gieh</span> <span class='ocrx_word' id='word_1_77' title='bbox 836 1326 891 1390; x_wconf 95' lang='lat' dir='ltr'>ihn</span> <span class='ocrx_word' id='word_1_78' title='bbox 910 1326 972 1389; x_wconf 83' lang='lat' dir='ltr'>nrir</span> <span class='ocrx_word' id='word_1_79' title='bbox 986 1323 1133 1389; x_wconf 81' lang='lat' dir='ltr'>zurdck“.</span> <span class='ocrx_word' id='word_1_80' title='bbox 1166 1323 1344 1387; x_wconf 89' lang='lat' dir='ltr'>Pseudolus</span> 
     </span>
     <span class='ocr_line' id='line_1_12' title="bbox 175 1424 1090 1510; baseline -0.004 -18"><span class='ocrx_word' id='word_1_81' title='bbox 175 1428 368 1510; x_wconf 85' lang='lat' dir='ltr'>respondet:</span> <span class='ocrx_word' id='word_1_82' title='bbox 391 1428 462 1509; x_wconf 92' lang='lat' dir='ltr'>,ich</span> <span class='ocrx_word' id='word_1_83' title='bbox 484 1428 549 1492; x_wconf 92' lang='lat' dir='ltr'>will</span> <span class='ocrx_word' id='word_1_84' title='bbox 568 1428 622 1491; x_wconf 92' lang='lat' dir='ltr'>ihn</span> <span class='ocrx_word' id='word_1_85' title='bbox 645 1427 728 1491; x_wconf 92' lang='lat' dir='ltr'>doch</span> <span class='ocrx_word' id='word_1_86' title='bbox 751 1428 850 1491; x_wconf 88' lang='lat' dir='ltr'>lieber</span> <span class='ocrx_word' id='word_1_87' title='bbox 869 1424 1090 1490; x_wconf 87' lang='lat' dir='ltr'>durchlesen“.</span> 
     </span>
    </p>
   </div>
   <div class='ocr_carea' id='block_1_6' title="bbox 213 1527 1341 1874">
    <p class='ocr_par' dir='ltr' id='par_1_6' title="bbox 213 1527 1341 1874">
     <span class='ocr_line' id='line_1_13' title="bbox 213 1527 1341 1617; baseline -0.006 -19"><span class='ocrx_word' id='word_1_88' title='bbox 213 1534 360 1599; x_wconf 88' lang='lat' dir='ltr'>Pseud.</span> <span class='ocrx_word' id='word_1_89' title='bbox 379 1534 515 1617; x_wconf 65' lang='lat' dir='ltr'>ldOSqq.</span> <span class='ocrx_word' id='word_1_90' title='bbox 535 1533 597 1615; x_wconf 86' lang='lat' dir='ltr'>(vel</span> <span class='ocrx_word' id='word_1_91' title='bbox 609 1553 755 1597; x_wconf 90' lang='lat' dir='ltr'>=wenn</span> <span class='ocrx_word' id='word_1_92' title='bbox 766 1534 809 1597; x_wconf 94' lang='lat' dir='ltr'>du</span> <span class='ocrx_word' id='word_1_93' title='bbox 819 1533 896 1596; x_wconf 90' lang='lat' dir='ltr'>Lust</span> <span class='ocrx_word' id='word_1_94' title='bbox 907 1532 982 1596; x_wconf 90' lang='lat' dir='ltr'>hast</span> <span class='ocrx_word' id='word_1_95' title='bbox 990 1530 1222 1610; x_wconf 83' lang='lat' dir='ltr'>meinetwegen</span> <span class='ocrx_word' id='word_1_96' title='bbox 1234 1527 1341 1610; x_wconf 77' lang='lat' dir='ltr'>sogor)</span> 
     </span>
     <span class='ocr_line' id='line_1_14' title="bbox 326 1633 1121 1702; baseline -0.009 -14"><span class='ocrx_word' id='word_1_97' title='bbox 326 1633 354 1688; x_wconf 87' lang='lat' dir='ltr'>Si</span> <span class='ocrx_word' id='word_1_98' title='bbox 372 1635 503 1687; x_wconf 85' lang='lat' dir='ltr'>neminem</span> <span class='ocrx_word' id='word_1_99' title='bbox 523 1634 603 1687; x_wconf 86' lang='lat' dir='ltr'>alium</span> <span class='ocrx_word' id='word_1_100' title='bbox 622 1639 723 1702; x_wconf 85' lang='lat' dir='ltr'>potero,</span> <span class='ocrx_word' id='word_1_101' title='bbox 742 1638 814 1686; x_wconf 88' lang='lat' dir='ltr'>tuom</span> <span class='ocrx_word' id='word_1_102' title='bbox 832 1637 940 1701; x_wconf 85' lang='lat' dir='ltr'>tangam</span> <span class='ocrx_word' id='word_1_103' title='bbox 959 1635 1069 1700; x_wconf 85' lang='lat' dir='ltr'>patrem.</span> <span class='ocrx_word' id='word_1_104' title='bbox 1088 1659 1121 1701; x_wconf 71' lang='lat'>-7</span> 
     </span>
     <span class='ocr_line' id='line_1_15' title="bbox 325 1719 1025 1790; baseline -0.003 -18"><span class='ocrx_word' id='word_1_105' title='bbox 325 1720 358 1772; x_wconf 88' lang='lat' dir='ltr'>Di</span> <span class='ocrx_word' id='word_1_106' title='bbox 378 1725 404 1773; x_wconf 88' lang='lat' dir='ltr'>te</span> <span class='ocrx_word' id='word_1_107' title='bbox 422 1720 486 1772; x_wconf 93' lang='lat' dir='ltr'>mihi</span> <span class='ocrx_word' id='word_1_108' title='bbox 504 1736 609 1790; x_wconf 88' lang='lat' dir='ltr'>semper</span> <span class='ocrx_word' id='word_1_109' title='bbox 626 1724 739 1773; x_wconf 87' lang='lat' dir='ltr'>servent.</span> <span class='ocrx_word' id='word_1_110' title='bbox 779 1719 876 1772; x_wconf 88' lang='lat' dir='ltr'>Verum</span> <span class='ocrx_word' id='word_1_111' title='bbox 896 1720 918 1770; x_wconf 87' lang='lat' dir='ltr'>si</span> <span class='ocrx_word' id='word_1_112' title='bbox 936 1723 1025 1787; x_wconf 85' lang='lat' dir='ltr'>potest</span> 
     </span>
     <span class='ocr_line' id='line_1_16' title="bbox 326 1803 1138 1874; baseline -0.005 -15"><span class='ocrx_word' id='word_1_113' title='bbox 326 1807 439 1860; x_wconf 85' lang='lat' dir='ltr'>Pietatis</span> <span class='ocrx_word' id='word_1_114' title='bbox 461 1823 542 1860; x_wconf 87' lang='lat' dir='ltr'>causa</span> <span class='ocrx_word' id='word_1_115' title='bbox 559 1807 600 1860; x_wconf 86' lang='lat' dir='ltr'>vel</span> <span class='ocrx_word' id='word_1_116' title='bbox 619 1808 698 1859; x_wconf 86' lang='lat' dir='ltr'>etiam</span> <span class='ocrx_word' id='word_1_117' title='bbox 718 1812 826 1860; x_wconf 82' lang='lat' dir='ltr'>matrem</span> <span class='ocrx_word' id='word_1_118' title='bbox 848 1822 953 1874; x_wconf 84' lang='lat' dir='ltr'>quoque</span> <span class='ocrx_word' id='word_1_119' title='bbox 972 1805 1020 1872; x_wconf 79' lang='lat' dir='ltr'>(rc.</span> <span class='ocrx_word' id='word_1_120' title='bbox 1038 1803 1138 1871; x_wconf 85' lang='lat' dir='ltr'>tange).</span> 
     </span>
    </p>
   </div>
   <div class='ocr_carea' id='block_1_7' title="bbox 213 1900 511 1981">
    <p class='ocr_par' dir='ltr' id='par_1_7' title="bbox 213 1900 511 1981">
     <span class='ocr_line' id='line_1_17' title="bbox 213 1900 511 1981; baseline -0.01 -15"><span class='ocrx_word' id='word_1_121' title='bbox 213 1901 366 1966; x_wconf 89' lang='lat' dir='ltr'>Pseud.</span> <span class='ocrx_word' id='word_1_122' title='bbox 390 1900 448 1964; x_wconf 89' lang='lat'>170</span> <span class='ocrx_word' id='word_1_123' title='bbox 464 1920 511 1981; x_wconf 91' lang='lat' dir='ltr'>sq.</span> 
     </span>
    </p>
   </div>
   <div class='ocr_carea' id='block_1_8' title="bbox 324 1997 1222 2155">
    <p class='ocr_par' dir='ltr' id='par_1_8' title="bbox 324 1997 1222 2155">
     <span class='ocr_line' id='line_1_18' title="bbox 324 1997 1222 2068; baseline -0.004 -16"><span class='ocrx_word' id='word_1_124' title='bbox 324 2000 336 2052; x_wconf 93' lang='lat' dir='ltr'>I</span> <span class='ocrx_word' id='word_1_125' title='bbox 354 2015 435 2068; x_wconf 85' lang='lat' dir='ltr'>puero</span> <span class='ocrx_word' id='word_1_126' title='bbox 455 2015 534 2067; x_wconf 86' lang='lat' dir='ltr'>prae;</span> <span class='ocrx_word' id='word_1_127' title='bbox 553 2015 586 2051; x_wconf 88' lang='lat' dir='ltr'>ne</span> <span class='ocrx_word' id='word_1_128' title='bbox 606 1999 744 2067; x_wconf 87' lang='lat' dir='ltr'>quisquam</span> <span class='ocrx_word' id='word_1_129' title='bbox 764 1998 908 2066; x_wconf 87' lang='lat' dir='ltr'>pertundat</span> <span class='ocrx_word' id='word_1_130' title='bbox 927 1998 1081 2064; x_wconf 82' lang='lat' dir='ltr'>cruminam,</span> <span class='ocrx_word' id='word_1_131' title='bbox 1099 1997 1222 2050; x_wconf 85' lang='lat' dir='ltr'>cautiost.</span> 
     </span>
     <span class='ocr_line' id='line_1_19' title="bbox 327 2083 1157 2155; baseline -0.004 -18"><span class='ocrx_word' id='word_1_132' title='bbox 327 2085 376 2138; x_wconf 88' lang='lat' dir='ltr'>Vel</span> <span class='ocrx_word' id='word_1_133' title='bbox 396 2087 526 2155; x_wconf 85' lang='lat' dir='ltr'>opperire,</span> <span class='ocrx_word' id='word_1_134' title='bbox 545 2085 673 2153; x_wconf 87' lang='lat' dir='ltr'>estquod</span> <span class='ocrx_word' id='word_1_135' title='bbox 695 2085 764 2137; x_wconf 93' lang='lat' dir='ltr'>domi</span> <span class='ocrx_word' id='word_1_136' title='bbox 784 2085 871 2137; x_wconf 88' lang='lat' dir='ltr'>dicere</span> <span class='ocrx_word' id='word_1_137' title='bbox 890 2100 974 2153; x_wconf 86' lang='lat' dir='ltr'>paene</span> <span class='ocrx_word' id='word_1_138' title='bbox 993 2084 1030 2135; x_wconf 86' lang='lat' dir='ltr'>fui</span> <span class='ocrx_word' id='word_1_139' title='bbox 1050 2083 1157 2136; x_wconf 87' lang='lat' dir='ltr'>oblitus.</span> 
     </span>
    </p>
   </div>
   <div class='ocr_carea' id='block_1_9' title="bbox 169 2176 1341 4152">
    <p class='ocr_par' dir='ltr' id='par_1_9' title="bbox 169 2176 1341 4152">
     <span class='ocr_line' id='line_1_20' title="bbox 173 2176 1341 2261; baseline -0.005 -17"><span class='ocrx_word' id='word_1_140' title='bbox 173 2180 346 2261; x_wconf 83' lang='lat' dir='ltr'>Langenus</span> <span class='ocrx_word' id='word_1_141' title='bbox 378 2179 530 2243; x_wconf 91' lang='lat' dir='ltr'>adnotat:</span> <span class='ocrx_word' id='word_1_142' title='bbox 567 2178 688 2258; x_wconf 67' lang='lat' dir='ltr'>¹Mirller</span> <span class='ocrx_word' id='word_1_143' title='bbox 719 2199 750 2260; x_wconf 88' lang='lat' dir='ltr'>p.</span> <span class='ocrx_word' id='word_1_144' title='bbox 773 2179 850 2256; x_wconf 65' lang='lat'>266,</span> <span class='ocrx_word' id='word_1_145' title='bbox 886 2196 999 2258; x_wconf 88' lang='lat' dir='ltr'>„wenn</span> <span class='ocrx_word' id='word_1_146' title='bbox 1032 2176 1075 2239; x_wconf 92' lang='lat' dir='ltr'>du</span> <span class='ocrx_word' id='word_1_147' title='bbox 1097 2176 1207 2253; x_wconf 90' lang='lat' dir='ltr'>willst,</span> <span class='ocrx_word' id='word_1_148' title='bbox 1241 2178 1341 2239; x_wconf 88' lang='lat' dir='ltr'>warte</span> 
     </span>
     <span class='ocr_line' id='line_1_21' title="bbox 175 2274 1340 2359; baseline -0.005 -16"><span class='ocrx_word' id='word_1_149' title='bbox 175 2279 409 2359; x_wconf 83' lang='lat' dir='ltr'>meinetwegeu</span> <span class='ocrx_word' id='word_1_150' title='bbox 432 2277 547 2356; x_wconf 81' lang='lat' dir='ltr'>auch“,</span> <span class='ocrx_word' id='word_1_151' title='bbox 568 2279 639 2341; x_wconf 89' lang='lat' dir='ltr'>eine</span> <span class='ocrx_word' id='word_1_152' title='bbox 657 2277 844 2357; x_wconf 74' lang='lat' dir='ltr'>Erklarung,</span> <span class='ocrx_word' id='word_1_153' title='bbox 867 2276 988 2340; x_wconf 88' lang='lat' dir='ltr'>welche</span> <span class='ocrx_word' id='word_1_154' title='bbox 1010 2276 1156 2339; x_wconf 85' lang='lat' dir='ltr'>offenbar</span> <span class='ocrx_word' id='word_1_155' title='bbox 1178 2274 1229 2338; x_wconf 89' lang='lat' dir='ltr'>ein</span> <span class='ocrx_word' id='word_1_156' title='bbox 1251 2274 1340 2337; x_wconf 88' lang='lat' dir='ltr'>Miss-</span> 
     </span>
     <span class='ocr_line' id='line_1_22' title="bbox 172 2373 1339 2457; baseline -0.007 -14"><span class='ocrx_word' id='word_1_157' title='bbox 172 2378 375 2443; x_wconf 75' lang='lat' dir='ltr'>verstandnis</span> <span class='ocrx_word' id='word_1_158' title='bbox 412 2377 544 2441; x_wconf 75' lang='lat' dir='ltr'>enthalt.</span> <span class='ocrx_word' id='word_1_159' title='bbox 604 2377 706 2441; x_wconf 85' lang='lat' dir='ltr'>Ballio</span> <span class='ocrx_word' id='word_1_160' title='bbox 745 2377 832 2457; x_wconf 83' lang='lat' dir='ltr'>giebt</span> <span class='ocrx_word' id='word_1_161' title='bbox 868 2377 941 2440; x_wconf 87' lang='lat' dir='ltr'>dern</span> <span class='ocrx_word' id='word_1_162' title='bbox 975 2375 1112 2439; x_wconf 85' lang='lat' dir='ltr'>Sklaven</span> <span class='ocrx_word' id='word_1_163' title='bbox 1141 2378 1245 2438; x_wconf 87' lang='lat' dir='ltr'>zuerst</span> <span class='ocrx_word' id='word_1_164' title='bbox 1277 2373 1339 2436; x_wconf 87' lang='lat' dir='ltr'>den</span> 
     </span>
     <span class='ocr_line' id='line_1_23' title="bbox 172 2472 1338 2558; baseline -0.006 -15"><span class='ocrx_word' id='word_1_165' title='bbox 172 2477 282 2543; x_wconf 82' lang='lat' dir='ltr'>Beiehl</span> <span class='ocrx_word' id='word_1_166' title='bbox 311 2477 377 2540; x_wconf 90' lang='lat' dir='ltr'>ihm</span> <span class='ocrx_word' id='word_1_167' title='bbox 408 2476 688 2558; x_wconf 80' lang='lat' dir='ltr'>vorauszugehen3</span> <span class='ocrx_word' id='word_1_168' title='bbox 726 2477 769 2540; x_wconf 87' lang='lat' dir='ltr'>da</span> <span class='ocrx_word' id='word_1_169' title='bbox 800 2476 868 2540; x_wconf 83' lang='lat' dir='ltr'>faut</span> <span class='ocrx_word' id='word_1_170' title='bbox 895 2475 961 2539; x_wconf 90' lang='lat' dir='ltr'>ihm</span> <span class='ocrx_word' id='word_1_171' title='bbox 993 2475 1059 2553; x_wconf 88' lang='lat' dir='ltr'>ein,</span> <span class='ocrx_word' id='word_1_172' title='bbox 1092 2475 1167 2538; x_wconf 85' lang='lat' dir='ltr'>dass</span> <span class='ocrx_word' id='word_1_173' title='bbox 1199 2494 1232 2537; x_wconf 92' lang='lat' dir='ltr'>er</span> <span class='ocrx_word' id='word_1_174' title='bbox 1255 2472 1338 2537; x_wconf 91' lang='lat' dir='ltr'>noch</span> 
     </span>
     <span class='ocr_line' id='line_1_24' title="bbox 172 2572 1338 2657; baseline -0.003 -18"><span class='ocrx_word' id='word_1_175' title='bbox 172 2580 272 2641; x_wconf 83' lang='lat' dir='ltr'>etwas</span> <span class='ocrx_word' id='word_1_176' title='bbox 293 2596 462 2657; x_wconf 82' lang='lat' dir='ltr'>vergessen</span> <span class='ocrx_word' id='word_1_177' title='bbox 483 2576 541 2641; x_wconf 90' lang='lat' dir='ltr'>hat</span> <span class='ocrx_word' id='word_1_178' title='bbox 569 2576 636 2640; x_wconf 92' lang='lat' dir='ltr'>und</span> <span class='ocrx_word' id='word_1_179' title='bbox 658 2575 807 2639; x_wconf 83' lang='lat' dir='ltr'>desshalb</span> <span class='ocrx_word' id='word_1_180' title='bbox 830 2574 960 2639; x_wconf 88' lang='lat' dir='ltr'>hefiehlt</span> <span class='ocrx_word' id='word_1_181' title='bbox 985 2595 1020 2638; x_wconf 88' lang='lat' dir='ltr'>er</span> <span class='ocrx_word' id='word_1_182' title='bbox 1045 2574 1114 2638; x_wconf 90' lang='lat' dir='ltr'>ihm</span> <span class='ocrx_word' id='word_1_183' title='bbox 1136 2594 1221 2652; x_wconf 91' lang='lat' dir='ltr'>nun,</span> <span class='ocrx_word' id='word_1_184' title='bbox 1253 2572 1338 2637; x_wconf 92' lang='lat' dir='ltr'>noch</span> 
     </span>
     <span class='ocr_line' id='line_1_25' title="bbox 172 2673 1338 2758; baseline -0.003 -19"><span class='ocrx_word' id='word_1_185' title='bbox 172 2695 209 2740; x_wconf 90' lang='lat' dir='ltr'>zu</span> <span class='ocrx_word' id='word_1_186' title='bbox 232 2680 375 2740; x_wconf 88' lang='lat' dir='ltr'>warteu:</span> <span class='ocrx_word' id='word_1_187' title='bbox 399 2677 497 2758; x_wconf 89' lang='lat' dir='ltr'>,oder</span> <span class='ocrx_word' id='word_1_188' title='bbox 520 2675 675 2740; x_wconf 88' lang='lat' dir='ltr'>vielmehr</span> <span class='ocrx_word' id='word_1_189' title='bbox 691 2679 792 2739; x_wconf 86' lang='lat' dir='ltr'>warte</span> <span class='ocrx_word' id='word_1_190' title='bbox 810 2674 925 2753; x_wconf 87' lang='lat' dir='ltr'>noch“,</span> <span class='ocrx_word' id='word_1_191' title='bbox 948 2694 983 2738; x_wconf 93' lang='lat' dir='ltr'>er</span> <span class='ocrx_word' id='word_1_192' title='bbox 1005 2674 1068 2755; x_wconf 83' lang='lat' dir='ltr'>legt</span> <span class='ocrx_word' id='word_1_193' title='bbox 1091 2693 1125 2737; x_wconf 87' lang='lat' dir='ltr'>es</span> <span class='ocrx_word' id='word_1_194' title='bbox 1141 2673 1338 2754; x_wconf 81' lang='lat' dir='ltr'>keineswegs</span> 
     </span>
     <span class='ocr_line' id='line_1_26' title="bbox 173 2772 1339 2856; baseline -0.002 -18"><span class='ocrx_word' id='word_1_195' title='bbox 173 2775 205 2841; x_wconf 94' lang='lat' dir='ltr'>in</span> <span class='ocrx_word' id='word_1_196' title='bbox 227 2776 287 2840; x_wconf 88' lang='lat' dir='ltr'>das</span> <span class='ocrx_word' id='word_1_197' title='bbox 308 2775 458 2839; x_wconf 86' lang='lat' dir='ltr'>Beliebcn</span> <span class='ocrx_word' id='word_1_198' title='bbox 481 2776 537 2839; x_wconf 89' lang='lat' dir='ltr'>des</span> <span class='ocrx_word' id='word_1_199' title='bbox 558 2776 705 2853; x_wconf 87' lang='lat' dir='ltr'>Sklaven,</span> <span class='ocrx_word' id='word_1_200' title='bbox 728 2796 767 2839; x_wconf 91' lang='lat' dir='ltr'>zu</span> <span class='ocrx_word' id='word_1_201' title='bbox 791 2775 894 2856; x_wconf 83' lang='lat' dir='ltr'>gehen</span> <span class='ocrx_word' id='word_1_202' title='bbox 916 2775 993 2838; x_wconf 90' lang='lat' dir='ltr'>oder</span> <span class='ocrx_word' id='word_1_203' title='bbox 1014 2794 1052 2838; x_wconf 91' lang='lat' dir='ltr'>zu</span> <span class='ocrx_word' id='word_1_204' title='bbox 1075 2773 1217 2838; x_wconf 86' lang='lat' dir='ltr'>warten&#39;.</span> <span class='ocrx_word' id='word_1_205' title='bbox 1249 2772 1339 2850; x_wconf 88' lang='lat' dir='ltr'>Quae</span> 
     </span>
     <span class='ocr_line' id='line_1_27' title="bbox 171 2871 1338 2957; baseline -0.003 -19"><span class='ocrx_word' id='word_1_206' title='bbox 171 2874 315 2956; x_wconf 87' lang='lat' dir='ltr'>Langeni</span> <span class='ocrx_word' id='word_1_207' title='bbox 344 2875 502 2939; x_wconf 88' lang='lat' dir='ltr'>sententia</span> <span class='ocrx_word' id='word_1_208' title='bbox 532 2875 681 2957; x_wconf 91' lang='lat' dir='ltr'>quamvis</span> <span class='ocrx_word' id='word_1_209' title='bbox 708 2875 761 2939; x_wconf 93' lang='lat' dir='ltr'>illo</span> <span class='ocrx_word' id='word_1_210' title='bbox 785 2894 913 2956; x_wconf 88' lang='lat' dir='ltr'>quoque</span> <span class='ocrx_word' id='word_1_211' title='bbox 939 2876 1132 2954; x_wconf 82' lang='lat' dir='ltr'>argumento</span> <span class='ocrx_word' id='word_1_212' title='bbox 1156 2871 1338 2937; x_wconf 87' lang='lat' dir='ltr'>confirmari</span> 
     </span>
     <span class='ocr_line' id='line_1_28' title="bbox 171 2971 1337 3056; baseline -0.003 -18"><span class='ocrx_word' id='word_1_213' title='bbox 171 2973 286 3055; x_wconf 90' lang='lat' dir='ltr'>possit,</span> <span class='ocrx_word' id='word_1_214' title='bbox 319 2974 406 3055; x_wconf 90' lang='lat' dir='ltr'>quod</span> <span class='ocrx_word' id='word_1_215' title='bbox 426 2994 508 3056; x_wconf 88' lang='lat' dir='ltr'>puer</span> <span class='ocrx_word' id='word_1_216' title='bbox 530 2994 564 3037; x_wconf 93' lang='lat' dir='ltr'>re</span> <span class='ocrx_word' id='word_1_217' title='bbox 585 2993 662 3038; x_wconf 90' lang='lat' dir='ltr'>vera</span> <span class='ocrx_word' id='word_1_218' title='bbox 684 2977 810 3037; x_wconf 86' lang='lat' dir='ltr'>mantat</span> <span class='ocrx_word' id='word_1_219' title='bbox 832 2973 884 3055; x_wconf 85' lang='lat' dir='ltr'>(ct.</span> <span class='ocrx_word' id='word_1_220' title='bbox 907 2994 936 3037; x_wconf 90' lang='lat' dir='ltr'>v.</span> <span class='ocrx_word' id='word_1_221' title='bbox 959 2971 1042 3053; x_wconf 71' lang='lat' dir='ltr'>tn),</span> <span class='ocrx_word' id='word_1_222' title='bbox 1075 2977 1186 3037; x_wconf 89' lang='lat' dir='ltr'>tamen</span> <span class='ocrx_word' id='word_1_223' title='bbox 1209 2991 1337 3036; x_wconf 90' lang='lat' dir='ltr'>sensum</span> 
     </span>
     <span class='ocr_line' id='line_1_29' title="bbox 171 3072 1338 3153; baseline -0.003 -15"><span class='ocrx_word' id='word_1_224' title='bbox 171 3073 312 3138; x_wconf 91' lang='lat' dir='ltr'>Plautini</span> <span class='ocrx_word' id='word_1_225' title='bbox 333 3074 489 3138; x_wconf 89' lang='lat' dir='ltr'>sennonis</span> <span class='ocrx_word' id='word_1_226' title='bbox 511 3073 589 3137; x_wconf 89' lang='lat' dir='ltr'>mihi</span> <span class='ocrx_word' id='word_1_227' title='bbox 612 3073 744 3138; x_wconf 90' lang='lat' dir='ltr'>turbare</span> <span class='ocrx_word' id='word_1_228' title='bbox 767 3073 900 3136; x_wconf 88' lang='lat' dir='ltr'>videtur.</span> <span class='ocrx_word' id='word_1_229' title='bbox 932 3072 1016 3136; x_wconf 89' lang='lat' dir='ltr'>Nam</span> <span class='ocrx_word' id='word_1_230' title='bbox 1038 3073 1064 3136; x_wconf 92' lang='lat' dir='ltr'>si</span> <span class='ocrx_word' id='word_1_231' title='bbox 1085 3072 1133 3136; x_wconf 81' lang='lat' dir='ltr'>cel</span> <span class='ocrx_word' id='word_1_232' title='bbox 1155 3075 1338 3153; x_wconf 89' lang='lat' dir='ltr'>usurpatur,</span> 
     </span>
     <span class='ocr_line' id='line_1_30' title="bbox 172 3171 1338 3255; baseline -0.003 -18"><span class='ocrx_word' id='word_1_233' title='bbox 172 3173 214 3237; x_wconf 86' lang='lat' dir='ltr'>ad</span> <span class='ocrx_word' id='word_1_234' title='bbox 242 3172 310 3237; x_wconf 89' lang='lat' dir='ltr'>eius</span> <span class='ocrx_word' id='word_1_235' title='bbox 339 3173 395 3255; x_wconf 91' lang='lat' dir='ltr'>qui</span> <span class='ocrx_word' id='word_1_236' title='bbox 422 3173 604 3255; x_wconf 86' lang='lat' dir='ltr'>appellatur</span> <span class='ocrx_word' id='word_1_237' title='bbox 633 3173 802 3237; x_wconf 89' lang='lat' dir='ltr'>arbitrium</span> <span class='ocrx_word' id='word_1_238' title='bbox 830 3172 998 3254; x_wconf 84' lang='lat' dir='ltr'>respicitur</span> <span class='ocrx_word' id='word_1_239' title='bbox 1027 3177 1084 3237; x_wconf 86' lang='lat' dir='ltr'>aut</span> <span class='ocrx_word' id='word_1_240' title='bbox 1109 3176 1194 3236; x_wconf 90' lang='lat' dir='ltr'>certe</span> <span class='ocrx_word' id='word_1_241' title='bbox 1224 3171 1338 3253; x_wconf 88' lang='lat' dir='ltr'>respici</span> 
     </span>
     <span class='ocr_line' id='line_1_31' title="bbox 172 3271 1337 3354; baseline -0.003 -17"><span class='ocrx_word' id='word_1_242' title='bbox 172 3272 350 3337; x_wconf 86' lang='lat' dir='ltr'>simulatur.</span> <span class='ocrx_word' id='word_1_243' title='bbox 394 3274 508 3354; x_wconf 86' lang='lat' dir='ltr'>Itaque</span> <span class='ocrx_word' id='word_1_244' title='bbox 540 3273 632 3337; x_wconf 89' lang='lat' dir='ltr'>nobis</span> <span class='ocrx_word' id='word_1_245' title='bbox 655 3272 895 3336; x_wconf 85' lang='lat' dir='ltr'>concedendurn</span> <span class='ocrx_word' id='word_1_246' title='bbox 927 3276 974 3336; x_wconf 87' lang='lat' dir='ltr'>est</span> <span class='ocrx_word' id='word_1_247' title='bbox 1007 3271 1182 3336; x_wconf 87' lang='lat' dir='ltr'>Ballionem</span> <span class='ocrx_word' id='word_1_248' title='bbox 1214 3271 1337 3335; x_wconf 88' lang='lat' dir='ltr'>dicere:</span> 
     </span>
     <span class='ocr_line' id='line_1_32' title="bbox 173 3370 1339 3451; baseline 0.001 -17"><span class='ocrx_word' id='word_1_249' title='bbox 173 3370 261 3451; x_wconf 89' lang='lat' dir='ltr'>,Geh</span> <span class='ocrx_word' id='word_1_250' title='bbox 282 3391 384 3435; x_wconf 89' lang='lat' dir='ltr'>voran</span> <span class='ocrx_word' id='word_1_251' title='bbox 407 3372 494 3450; x_wconf 88' lang='lat' dir='ltr'>oder,</span> <span class='ocrx_word' id='word_1_252' title='bbox 517 3392 613 3437; x_wconf 91' lang='lat' dir='ltr'>wenn</span> <span class='ocrx_word' id='word_1_253' title='bbox 636 3372 679 3436; x_wconf 92' lang='lat' dir='ltr'>du</span> <span class='ocrx_word' id='word_1_254' title='bbox 692 3371 794 3449; x_wconf 89' lang='lat' dir='ltr'>willst,</span> <span class='ocrx_word' id='word_1_255' title='bbox 818 3375 927 3450; x_wconf 84' lang='lat' dir='ltr'>warte,</span> <span class='ocrx_word' id='word_1_256' title='bbox 950 3371 1001 3434; x_wconf 91' lang='lat' dir='ltr'>ich</span> <span class='ocrx_word' id='word_1_257' title='bbox 1024 3371 1109 3435; x_wconf 88' lang='lat' dir='ltr'>habe</span> <span class='ocrx_word' id='word_1_258' title='bbox 1131 3371 1214 3435; x_wconf 93' lang='lat' dir='ltr'>noch</span> <span class='ocrx_word' id='word_1_259' title='bbox 1238 3375 1339 3435; x_wconf 89' lang='lat' dir='ltr'>etwas</span> 
     </span>
     <span class='ocr_line' id='line_1_33' title="bbox 170 3471 1337 3553; baseline 0.001 -20"><span class='ocrx_word' id='word_1_260' title='bbox 170 3490 209 3534; x_wconf 92' lang='lat' dir='ltr'>zu</span> <span class='ocrx_word' id='word_1_261' title='bbox 245 3489 343 3550; x_wconf 80' lang='lat' dir='ltr'>sagon</span> <span class='ocrx_word' id='word_1_262' title='bbox 378 3472 565 3553; x_wconf 85' lang='lat' dir='ltr'>vergessen“</span> <span class='ocrx_word' id='word_1_263' title='bbox 606 3472 714 3552; x_wconf 90' lang='lat' dir='ltr'>(hodie</span> <span class='ocrx_word' id='word_1_264' title='bbox 754 3471 889 3536; x_wconf 88' lang='lat' dir='ltr'>dicimus</span> <span class='ocrx_word' id='word_1_265' title='bbox 925 3473 1020 3549; x_wconf 92' lang='lat' dir='ltr'>,oder</span> <span class='ocrx_word' id='word_1_266' title='bbox 1048 3474 1170 3537; x_wconf 91' lang='lat' dir='ltr'>wenn&#39;s</span> <span class='ocrx_word' id='word_1_267' title='bbox 1208 3471 1337 3549; x_wconf 90' lang='lat' dir='ltr'>belieht,</span> 
     </span>
     <span class='ocr_line' id='line_1_34' title="bbox 171 3570 1338 3653; baseline 0.002 -21"><span class='ocrx_word' id='word_1_268' title='bbox 171 3570 293 3633; x_wconf 89' lang='lat' dir='ltr'>wenn&#39;s</span> <span class='ocrx_word' id='word_1_269' title='bbox 321 3571 466 3652; x_wconf 77' lang='lat' dir='ltr'>gefallig“</span> <span class='ocrx_word' id='word_1_270' title='bbox 497 3575 529 3635; x_wconf 89' lang='lat' dir='ltr'>et</span> <span class='ocrx_word' id='word_1_271' title='bbox 557 3572 600 3634; x_wconf 91' lang='lat' dir='ltr'>ita</span> <span class='ocrx_word' id='word_1_272' title='bbox 623 3571 719 3635; x_wconf 85' lang='lat' dir='ltr'>etiarn</span> <span class='ocrx_word' id='word_1_273' title='bbox 746 3571 787 3634; x_wconf 92' lang='lat' dir='ltr'>ad</span> <span class='ocrx_word' id='word_1_274' title='bbox 817 3572 977 3635; x_wconf 85' lang='lat' dir='ltr'>ministros</span> <span class='ocrx_word' id='word_1_275' title='bbox 998 3572 1160 3653; x_wconf 88' lang='lat' dir='ltr'>loquimur</span> <span class='ocrx_word' id='word_1_276' title='bbox 1182 3570 1338 3635; x_wconf 82' lang='lat' dir='ltr'>incitandi</span> 
     </span>
     <span class='ocr_line' id='line_1_35' title="bbox 171 3667 1337 3752; baseline 0.001 -19"><span class='ocrx_word' id='word_1_277' title='bbox 171 3667 298 3750; x_wconf 78' lang='lat' dir='ltr'>gratia).</span> <span class='ocrx_word' id='word_1_278' title='bbox 322 3670 369 3733; x_wconf 80' lang='lat' dir='ltr'>Ex</span> <span class='ocrx_word' id='word_1_279' title='bbox 384 3670 510 3734; x_wconf 91' lang='lat' dir='ltr'>dicendi</span> <span class='ocrx_word' id='word_1_280' title='bbox 526 3675 634 3736; x_wconf 87' lang='lat' dir='ltr'>autern</span> <span class='ocrx_word' id='word_1_281' title='bbox 654 3671 778 3735; x_wconf 90' lang='lat' dir='ltr'>ratione</span> <span class='ocrx_word' id='word_1_282' title='bbox 797 3675 829 3734; x_wconf 88' lang='lat' dir='ltr'>et</span> <span class='ocrx_word' id='word_1_283' title='bbox 836 3673 924 3735; x_wconf 89' lang='lat' dir='ltr'>vocis</span> <span class='ocrx_word' id='word_1_284' title='bbox 935 3691 1014 3735; x_wconf 92' lang='lat' dir='ltr'>sono</span> <span class='ocrx_word' id='word_1_285' title='bbox 1026 3691 1106 3752; x_wconf 90' lang='lat' dir='ltr'>puer</span> <span class='ocrx_word' id='word_1_286' title='bbox 1117 3670 1292 3734; x_wconf 86' lang='lat' dir='ltr'>Ballionem</span> <span class='ocrx_word' id='word_1_287' title='bbox 1303 3691 1337 3734; x_wconf 84' lang='lat' dir='ltr'>se</span> 
     </span>
     <span class='ocr_line' id='line_1_36' title="bbox 170 3770 1336 3853; baseline 0.001 -21"><span class='ocrx_word' id='word_1_288' title='bbox 170 3788 360 3834; x_wconf 88' lang='lat' dir='ltr'>mansurum</span> <span class='ocrx_word' id='word_1_289' title='bbox 377 3789 446 3834; x_wconf 89' lang='lat' dir='ltr'>esse</span> <span class='ocrx_word' id='word_1_290' title='bbox 457 3776 643 3853; x_wconf 81' lang='lat' dir='ltr'>exspectare</span> <span class='ocrx_word' id='word_1_291' title='bbox 658 3771 830 3852; x_wconf 82' lang='lat' dir='ltr'>cognoscit.</span> <span class='ocrx_word' id='word_1_292' title='bbox 855 3771 1002 3835; x_wconf 79' lang='lat' dir='ltr'>Fortasse</span> <span class='ocrx_word' id='word_1_293' title='bbox 1015 3771 1150 3834; x_wconf 88' lang='lat' dir='ltr'>miratur</span> <span class='ocrx_word' id='word_1_294' title='bbox 1166 3770 1336 3851; x_wconf 89' lang='lat' dir='ltr'>quispiam,</span> 
     </span>
     <span class='ocr_line' id='line_1_37' title="bbox 169 3869 1335 3952; baseline 0 -20"><span class='ocrx_word' id='word_1_295' title='bbox 169 3869 258 3950; x_wconf 91' lang='lat' dir='ltr'>quod</span> <span class='ocrx_word' id='word_1_296' title='bbox 275 3873 343 3933; x_wconf 85' lang='lat' dir='ltr'>tarn</span> <span class='ocrx_word' id='word_1_297' title='bbox 360 3870 460 3933; x_wconf 87' lang='lat' dir='ltr'>comis</span> <span class='ocrx_word' id='word_1_298' title='bbox 480 3875 579 3952; x_wconf 88' lang='lat' dir='ltr'>atque</span> <span class='ocrx_word' id='word_1_299' title='bbox 600 3871 726 3936; x_wconf 88' lang='lat' dir='ltr'>urbana</span> <span class='ocrx_word' id='word_1_300' title='bbox 743 3870 941 3935; x_wconf 88' lang='lat' dir='ltr'>consuetudo</span> <span class='ocrx_word' id='word_1_301' title='bbox 956 3871 1039 3934; x_wconf 90' lang='lat' dir='ltr'>inter</span> <span class='ocrx_word' id='word_1_302' title='bbox 1055 3889 1145 3933; x_wconf 88' lang='lat' dir='ltr'>erum</span> <span class='ocrx_word' id='word_1_303' title='bbox 1162 3873 1194 3933; x_wconf 93' lang='lat' dir='ltr'>et</span> <span class='ocrx_word' id='word_1_304' title='bbox 1208 3888 1335 3933; x_wconf 88' lang='lat' dir='ltr'>servum</span> 
     </span>
     <span class='ocr_line' id='line_1_38' title="bbox 169 3967 1337 4053; baseline 0 -22"><span class='ocrx_word' id='word_1_305' title='bbox 169 3967 347 4033; x_wconf 83' lang='lat' dir='ltr'>intercedit.</span> <span class='ocrx_word' id='word_1_306' title='bbox 390 3967 450 4033; x_wconf 83' lang='lat' dir='ltr'>Cui</span> <span class='ocrx_word' id='word_1_307' title='bbox 482 3970 541 4034; x_wconf 91' lang='lat' dir='ltr'>hos</span> <span class='ocrx_word' id='word_1_308' title='bbox 572 3971 659 4034; x_wconf 89' lang='lat' dir='ltr'>locos</span> <span class='ocrx_word' id='word_1_309' title='bbox 691 3971 900 4053; x_wconf 89' lang='lat' dir='ltr'>opponimus,</span> <span class='ocrx_word' id='word_1_310' title='bbox 933 3971 1049 4052; x_wconf 90' lang='lat' dir='ltr'>quibus</span> <span class='ocrx_word' id='word_1_311' title='bbox 1079 3970 1120 4033; x_wconf 86' lang='lat' dir='ltr'>ad</span> <span class='ocrx_word' id='word_1_312' title='bbox 1143 3970 1337 4050; x_wconf 88' lang='lat' dir='ltr'>imperatum</span> 
     </span>
     <span class='ocr_line' id='line_1_39' title="bbox 169 4067 1337 4152; baseline 0 -22"><span class='ocrx_word' id='word_1_313' title='bbox 169 4067 270 4137; x_wconf 82' lang='lat' dir='ltr'>servis</span> <span class='ocrx_word' id='word_1_314' title='bbox 290 4068 402 4133; x_wconf 87' lang='lat' dir='ltr'>datum</span> <span class='ocrx_word' id='word_1_315' title='bbox 424 4068 519 4132; x_wconf 82' lang='lat' dir='ltr'>sultis</span> <span class='ocrx_word' id='word_1_316' title='bbox 541 4070 687 4135; x_wconf 90' lang='lat' dir='ltr'>additur:</span> <span class='ocrx_word' id='word_1_317' title='bbox 717 4070 798 4152; x_wconf 85' lang='lat' dir='ltr'>Capt</span> <span class='ocrx_word' id='word_1_318' title='bbox 814 4070 876 4134; x_wconf 75' lang='lat'>456</span> <span class='ocrx_word' id='word_1_319' title='bbox 891 4075 1013 4134; x_wconf 80' lang='lat' dir='ltr'>servate</span> <span class='ocrx_word' id='word_1_320' title='bbox 1032 4071 1127 4134; x_wconf 81' lang='lat' dir='ltr'>iatum</span> <span class='ocrx_word' id='word_1_321' title='bbox 1143 4067 1236 4132; x_wconf 78' lang='lat' dir='ltr'>sultis</span> <span class='ocrx_word' id='word_1_322' title='bbox 1250 4068 1337 4131; x_wconf 80' lang='lat' dir='ltr'>intuo</span> 
     </span>
    </p>
   </div>
   <div class='ocr_carea' id='block_1_10' title="bbox 167 4165 1335 4250">
    <p class='ocr_par' dir='ltr' id='par_1_10' title="bbox 167 4165 1335 4250">
     <span class='ocr_line' id='line_1_40' title="bbox 167 4165 1335 4250; baseline -0.001 -17"><span class='ocrx_word' id='word_1_323' title='bbox 167 4168 261 4233; x_wconf 78' lang='lat' dir='ltr'>sarci.</span> <span class='ocrx_word' id='word_1_324' title='bbox 291 4165 383 4250; x_wconf 82' lang='lat' dir='ltr'>Capt.</span> <span class='ocrx_word' id='word_1_325' title='bbox 399 4167 470 4234; x_wconf 81' lang='grc'>667.</span> <span class='ocrx_word' id='word_1_326' title='bbox 486 4170 565 4247; x_wconf 83' lang='grc'>919;</span> <span class='ocrx_word' id='word_1_327' title='bbox 587 4170 670 4234; x_wconf 90' lang='lat' dir='ltr'>Men.</span> <span class='ocrx_word' id='word_1_328' title='bbox 685 4171 762 4247; x_wconf 88' lang='grc'>350;</span> <span class='ocrx_word' id='word_1_329' title='bbox 789 4169 874 4234; x_wconf 92' lang='lat' dir='ltr'>Rud.</span> <span class='ocrx_word' id='word_1_330' title='bbox 892 4170 963 4235; x_wconf 66' lang='lat'><strong>820.</strong></span> <span class='ocrx_word' id='word_1_331' title='bbox 986 4169 1072 4234; x_wconf 86' lang='lat' dir='ltr'>Sane</span> <span class='ocrx_word' id='word_1_332' title='bbox 1083 4168 1164 4233; x_wconf 87' lang='lat' dir='ltr'>haec</span> <span class='ocrx_word' id='word_1_333' title='bbox 1181 4167 1335 4249; x_wconf 89' lang='lat' dir='ltr'>loquendi</span> 
     </span>
    </p>
   </div>
   <div class='ocr_carea' id='block_1_11' title="bbox 0 0 1520 4838">
    <p class='ocr_par' dir='ltr' id='par_1_11' title="bbox 0 0 1520 4838">
     <span class='ocr_line' id='line_1_41' title="bbox 0 0 1520 4838; baseline 0 2"><span class='ocrx_word' id='word_1_334' title='bbox 0 0 1520 4838; x_wconf 95' lang='lat' dir='ltr'> </span> 
     </span>
    </p>
   </div>
  </div>
 </body>
</html>
