3030 4838
731 329 940 393 ...fig-

250 505 326 570 soll“
346 510 431 570 recte
443 505 600 570 iudicasse
614 510 703 588 puto,
723 506 782 569 nisi
798 505 885 587 quod
900 525 974 569 mea
988 503 1146 569 sententia
1161 502 1419 586 comparativam

250 607 318 671 vim
341 605 518 687 particulae
539 605 642 668 inesse
664 625 702 668 eo
725 605 943 682 confirmatur,
967 603 1055 686 quod
1076 604 1221 685 sequitur
1241 608 1357 667 tomen.

291 736 404 800 Most.
429 735 492 798 984

402 834 513 886 Tranio:
534 834 557 886 is
577 832 616 885 vel
636 834 742 885 Herculi
762 837 897 886 conterere
916 835 1053 901 quaestum
1074 836 1178 901 potest3

250 931 390 990 metrum
428 931 613 1008 corruptum
645 926 850 991 Camerarius
882 925 1084 1004 emendavit,
1123 945 1195 989 cum
1231 944 1291 1006 pro
1323 929 1422 1008 potest

252 1026 423 1106 corrigeret
441 1028 568 1110 possiet.
611 1026 759 1090 Fortasse
791 1045 901 1089 versus
929 1026 1010 1089 verti
1028 1028 1150 1107 potest:
1181 1043 1295 1103 „wenn
1318 1022 1364 1086 du
1388 1042 1422 1086 es

252 1125 355 1203 millet,
375 1145 411 1189 so
433 1126 473 1190 ist
494 1145 529 1189 er
550 1126 630 1189 dazu
654 1126 695 1188 im
717 1124 868 1201 stande“;
891 1126 945 1189 sed
965 1124 1069 1189 versio
1083 1124 1146 1188 alia
1167 1142 1281 1204 „wenn
1305 1142 1340 1186 er
1357 1121 1421 1185 will

248 1224 362 1306 sogar“
393 1226 472 1289 mihi
502 1226 641 1308 speciem
671 1226 815 1290 veritatis
844 1225 998 1289 maiorem
1021 1222 1257 1306 praeseferre
1280 1222 1418 1286 videtur.

291 1357 398 1421 Trin.
421 1357 483 1421 744
493 1377 563 1439 sqq.

403 1456 480 1509 Nunc
499 1457 522 1509 si
541 1457 656 1524 opperiri
676 1458 715 1509 vis
736 1457 877 1510 adventum
898 1454 1041 1521 Charmidi,

404 1542 603 1609 Perlongumst:
623 1543 684 1595 huic
705 1542 818 1595 docendi
838 1542 940 1594 interea
958 1543 1117 1594 abscesserit

400 1629 519 1681 Lubido:
539 1633 618 1697 atque
637 1645 668 1680 ea
687 1628 807 1681 condicio
827 1629 888 1680 huic
907 1628 948 1679 vel
968 1628 1134 1696 primariast3

249 1722 438 1803 Langenus‚
473 1723 550 1804 quia
581 1722 643 1785 boc
674 1725 727 1787 oet
749 1742 821 1785 cum
855 1721 1005 1785 Plautino
1036 1741 1096 1786 usu
1122 1722 1219 1803 plane
1252 1721 1420 1803 discrepet,

248 1822 304 1901 pol
325 1841 507 1903 supponere
528 1822 660 1886 mavult.
701 1820 814 1884 Nessi
837 1841 875 1884 ea
898 1840 982 1902 quae
1013 1824 1252 1886 antecesserunt
1273 1816 1421 1902 exempla

252 1921 285 1984 in
322 1921 596 2002 comparationem
627 1939 796 1993 vocamus,
834 1939 1007 1999 agnoscere
1039 1920 1183 2001 cogimur
1214 1921 1278 1984 iarn
1311 1920 1420 1984 Plauti

249 2020 450 2101 temporibus
471 2024 522 2085 vel
542 2019 720 2101 particulae
740 2020 880 2101 primam
899 2019 964 2082 vim
980 2019 1060 2083 adeo
1075 2040 1109 2084 se
1127 2024 1254 2084 mutare
1269 2019 1419 2102 potuisse.

252 2119 345 2183 Latet
369 2123 477 2183 autem
496 2120 630 2201 fortasse
652 2119 780 2200 gravior
801 2119 960 2201 quaedam
984 2120 1175 2202 corruptela.
1215 2119 1298 2183 Nam
1322 2139 1419 2202 quem

254 2219 455 2300 postulamus
466 2239 613 2283 sensum:
631 2219 701 2301 „die
710 2219 1008 2301 Hauptbedingung
1022 2221 1079 2285 fiir
1094 2221 1158 2285 die
1176 2221 1257 2285 Ehe
1276 2222 1325 2299 ist,
1346 2222 1421 2284 dass
1437 2235 1440 2242 ’

249 2337 284 2382 er
299 2317 409 2382 lubido
424 2317 511 2397 hat“‚
523 2338 618 2382 voces
638 2318 711 2382 huic
725 2320 772 2382 ool
790 2339 921 2400 prorsus
930 2320 1149 2401 pessumdant.
1172 2321 1308 2402 Egregia
1324 2321 1420 2402 igitur

250 2417 433 2482 coniectura
449 2418 528 2482 mihi
548 2438 616 2483 esse
631 2418 767 2494 videtur,
783 2439 881 2500 quam
897 2419 1015 2483 Birtius
1030 2420 1166 2485 invenit:
1185 2427 1277 2502 utque
1295 2442 1331 2484 ea
1347 2443 1420 2486 con-

249 2516 667 2601 diciobnicreiprimoriast.
679 2518 965 2600 ltanempeoelpro
973 2519 1181 2602 adscriptum
1189 2524 1237 2584 est
1245 2520 1418 2586 Mern319.

331 2694 351 2779 ξ
387 2695 418 2763 8.
470 2699 615 2781 Denique
655 2698 741 2780 apud
783 2698 935 2763 Plautum
972 2699 1020 2763 vel
1059 2700 1104 2764 ita
1144 2704 1334 2782 usurpatur,
1383 2705 1419 2764 ut

248 2800 345 2877 post
373 2796 506 2861 locum
537 2798 719 2879 aliquem
749 2816 1004 2861 communem
1027 2802 1185 2863 certum
1209 2800 1418 2882 quoddam

249 2897 481 2978 exemplum
510 2901 556 2962 vel
577 2898 813 2980 praemisso
836 2896 1036 2976 addatur,
1066 2898 1154 2979 quod
1176 2904 1286 2963 nostra
1308 2899 1418 2981 lingua

248 3015 306 3077 per
336 3016 426 3076 „zum
458 2996 612 3079 Beispiel“
643 2998 821 3080 exprimere
855 2998 1087 3062 consuevimus.
1136 2999 1204 3080 Ego
1232 3003 1324 3062 verto
1353 2998 1418 3063 fere

250 3095 370 3174 „nirnm
393 3096 455 3160 den
471 3096 576 3173 Fall“;
599 3098 689 3180 sequi
716 3101 824 3173 autern
840 3101 946 3180 potest
968 3098 1054 3162 solus
1068 3098 1285 3162 nominations
1300 3097 1418 3162 omisso

248 3194 356 3258 verbo.
400 3195 592 3278 Priusquam
617 3217 655 3261 eo
677 3197 717 3261 de
737 3217 797 3261 usu
818 3198 916 3261 verba
938 3197 1110 3276 iaciamus,
1140 3198 1217 3261 locis
1239 3197 1418 3279 dequibus

248 3294 355 3373 agitur
378 3295 501 3360 collatis
522 3296 769 3361 fundamentum
791 3296 919 3361 firmum
939 3297 1122 3362 substruere
1143 3300 1297 3379 praestat.

288 3400 401 3482 Epid.
426 3402 486 3465 382
497 3422 567 3484 sqq.

305 3499 357 3552 382
390 3501 450 3552 Non
469 3503 522 3554 oris
540 3518 621 3554 causa
640 3501 716 3555 modo
737 3501 851 3554 hominis
870 3517 980 3569 aequom
998 3501 1049 3553 fuit

385 3585 442 3639 Sibi
461 3587 558 3638 habere
577 3587 722 3655 speculum,
743 3587 790 3638 ubi
809 3602 838 3639 os
858 3586 1067 3654 contemplarent
1086 3601 1169 3652 suom,

387 3671 439 3724 Sed
459 3671 503 3740 qui
523 3674 673 3741 perspicere
693 3676 804 3741 possent
822 3672 909 3725 cordis
929 3673 1045 3740 copiam:

305 3754 356 3807 386
387 3754 440 3809 Ubi
458 3757 485 3809 id
504 3758 693 3825 inspexissent,
713 3759 862 3826 cogitarent
881 3761 981 3825 postea,

386 3841 474 3895 Vitam
490 3848 521 3896 ut
539 3845 667 3897 vixissent
687 3844 749 3897 olim
768 3845 796 3896 in
815 3843 1003 3896 adulescentia.

386 3928 448 3981 Fuit
467 3930 635 3983 conducibile
654 3931 811 3999 hocquidem
829 3946 888 3982 mea
907 3929 1047 3982 sententia.

388 4014 437 4067 Vel
457 4032 514 4084 ego,
534 4017 579 4084 qui
599 4016 697 4069 dudum
716 4015 753 4068 fili
773 4031 853 4068 causa
873 4031 1010 4084 coeperam

304 4099 357 4153 390
390 4101 446 4169 Ego
465 4118 506 4154 me
527 4103 679 4154 excruciare
699 4102 788 4167 animi,
807 4101 883 4168 quasi
903 4100 966 4169 quid
985 4099 1056 4152 filius

384 4189 457 4241 Meus
477 4188 634 4257 deliquisset
650 4187 709 4240 med
728 4203 791 4255 erga
809 4191 927 4239 autnon
946 4187 1070 4255 pluruma

384 4274 522 4328 Maleiacta
540 4290 598 4327 mea
617 4277 706 4326 essent
724 4273 810 4326 solida
827 4274 857 4325 in
875 4273 1071 4338 adulescentia3
