3030 4838
519 264 821 347 ae-:rc-

173 437 318 503 Bacch.
342 438 381 501 79
396 458 443 519 sq.

266 535 334 598 Quid
354 538 376 588 si
397 537 465 604 apud
486 540 512 588 tc
532 537 636 588 eveniat
658 538 780 590 desubito
803 540 943 607 prandium
967 546 1014 592 aut
1032 542 1133 609 potatio

268 623 346 674 Forte
366 627 412 674 aut
431 639 496 674 cena
515 638 605 689 eqo.

171 716 321 780 Bacch.
344 716 404 780 375
423 735 470 798 sq.

613 803 644 850 ut
665 799 744 851 celem
765 805 876 868 patrem,

228 878 231 883 ’
268 883 422 949 Pistoclere,
442 888 488 935 tua
506 883 607 950 flagitia
627 889 673 967 aut
692 884 787 938 damna
807 890 854 938 aut
873 885 1062 939 desidiabula?

168 977 285 1059 Capt.
307 977 366 1041 307
384 995 433 1056 sq.

268 1077 301 1128 Et
320 1076 424 1143 quidem
445 1076 469 1127 si
488 1075 599 1143 proinde
617 1079 648 1127 ut
667 1077 724 1143 ipse
743 1077 781 1128 lui
799 1077 943 1145 imperator
960 1077 1076 1129 familiae

271 1162 386 1215 Habeam
407 1161 551 1228 dominum,
569 1177 623 1213 non
642 1179 742 1228 verear,
761 1179 794 1214 uc
813 1164 911 1216 iniuste
930 1168 976 1215 aut
994 1165 1110 1231 graviter
1127 1165 1163 1215 mi
1178 1164 1301 1232 imperet.

172 1255 259 1320 Cas,
283 1257 344 1320 260
361 1275 408 1338 sq.

458 1335 534 1403 Quia,
554 1338 576 1389 si
594 1337 677 1389 facias
697 1342 767 1391 recte
786 1343 832 1390 aut
851 1340 996 1405 commode,

270 1424 312 1475 lie
330 1424 403 1475 sinas
423 1439 516 1475 curare
537 1423 648 1476 ancillas
667 1440 689 1475 e.
701 1441 725 1492 q.
736 1441 758 1476 s.

172 1517 260 1581 Cas.
282 1517 343 1580 6⁶23
359 1537 406 1598 sq.

271 1615 365 1669 Nescio
383 1616 454 1668 unde
474 1615 556 1667 auxili
575 1616 691 1683 praesidi
711 1617 815 1684 perfugi

272 1703 307 1753 lli
326 1706 373 1753 aut
392 1718 470 1770 opum
491 1701 594 1768 copiam
614 1717 762 1768 comparem
782 1707 828 1754 aut
847 1708 976 1770 expetam.

173 1795 272 1859 dist,
294 1796 356 1858 680

272 1893 332 1946 Non
350 1911 408 1947 sum
429 1895 527 1960 scitior,
549 1911 617 1964 quae
637 1897 684 1948 hos
705 1912 794 1963 rogem
814 1899 860 1947 aut
879 1911 946 1964 quae
965 1895 1073 1962 fatigem
1094 1893 1143 1960 (sc.
1162 1893 1300 1961 rogando).

172 1987 285 2053 Curc.
309 1988 349 2051 23
363 2006 432 2069 sqq.

271 2087 406 2154 Numquid
426 2091 455 2138 tu
474 2086 544 2154 quod
565 2090 591 2138 te
611 2091 657 2138 aut
676 2103 772 2154 genere
791 2087 929 2154 indignum
949 2086 984 2138 sit
1002 2090 1049 2138 tuo

271 2173 348 2225 Facis
367 2178 414 2224 aut
433 2173 553 2241 inceptas
574 2174 679 2226 facinus
698 2174 792 2239 iacere,
812 2171 995 2225 Phaedrome?

272 2259 339 2311 Num
359 2263 389 2311 tu
408 2259 521 2326 pudicae
541 2261 674 2328 quoipiam
694 2259 806 2312 insidias
825 2259 897 2312 locas

270 2346 325 2396 Aut
344 2360 422 2412 quam
441 2344 564 2412 pudicam
584 2362 642 2398 csse
661 2344 786 2414 oportet?

173 2439 269 2502 Men.
292 2439 353 2503 369
369 2458 416 2519 sq.

543 2521 611 2584 Quid
632 2538 733 2574 mecum
753 2521 802 2572 tibi

270 2605 332 2659 Fuit
350 2624 475 2675 umquam
494 2612 541 2660 aut
558 2623 629 2660 nuuc
650 2611 691 2659 est
709 2605 819 2675 negoti?

173 2701 289 2764 Merc.
316 2701 374 2765 186

271 2800 334 2851 Tam
355 2800 442 2853 hercle
462 2805 532 2853 certe
551 2817 629 2869 quam
650 2815 698 2868 ego
718 2804 744 2851 tc
763 2803 809 2851 aut
830 2803 861 2851 tu
879 2797 1020 2850 merides

173 2894 288 2957 Mero.
312 2894 373 2958 686

270 2993 371 3058 Dicam,
390 2994 413 3045 si
432 2993 533 3044 videam
556 2993 604 3045 tibi
624 3008 682 3045 esse
702 3008 807 3060 operam
819 2989 855 3057 (i)
891 2994 938 3042 aut
956 2990 1047 3042 otium.

174 3086 292 3150 Marc.
315 3087 376 3150 426
392 3106 439 3168 sq.

271 3187 354 3238 Multo
375 3186 478 3253 edepol,
498 3186 521 3238 si
541 3185 604 3253 quid
624 3185 811 3249 faciendumst,
830 3183 917 3235 iacere
937 3181 1026 3233 damni
1045 3181 1156 3243 mavolo,

273 3271 357 3334 Quam
377 3273 626 3340 obprobrameutum
646 3276 692 3324 aut
709 3271 838 3339 flagitium
859 3269 986 3321 muliebre
1005 3268 1098 3320 exferri
1119 3267 1205 3319 domo.

173 3367 289 3430 Merc.
312 3366 373 3429 653

270 3464 343 3527 Quae
362 3465 450 3532 patria
469 3468 516 3516 aut
534 3481 602 3533 quae
621 3464 714 3515 domus
734 3464 782 3515 tibi
803 3463 907 3515 stabilis
927 3477 984 3514 esse
1003 3458 1121 3529 poterit?

171 3559 289 3622 Merc.
312 3559 374 3622 784

270 3658 330 3710 Non
348 3658 437 3722 miror,
455 3657 477 3709 si
497 3655 560 3724 quid
581 3655 670 3707 damni
691 3655 755 3706 iacis
777 3658 823 3706 aut
842 3653 935 3721 flagiti.

175 3751 251 3815 Mil.
275 3751 335 3814 307

271 3848 338 3911 Quid
358 3849 435 3917 peius
454 3848 563 3900 muliere
583 3852 629 3899 aut
648 3846 796 3898 audacius?

174 3943 254 4006 Mil.
277 3943 338 4006 606
356 3963 403 4024 sq.

272 4042 338 4094 Nam
358 4043 424 4093 bene
444 4040 593 4094 consultum
614 4039 752 4090 consilium
773 4038 916 4104 surripitur
935 4037 1100 4105 saepissime,

273 4128 300 4181 Si
319 4129 406 4180 minus
425 4144 483 4180 cum
503 4142 566 4178 cura
585 4131 631 4177 aut
649 4127 753 4177 cautela
772 4125 845 4177 locus
865 4123 989 4191 loquendi
1011 4122 1095 4174 lectus
1117 4128 1165 4174 est.
