3030 4838
665 353 871 416 ...14-

183 526 229 592 De
250 526 355 610 primo
377 530 485 593 autem
507 526 602 592 valde
624 529 745 595 dubito.
789 531 873 594 Dum
895 531 980 595 euim
1003 531 1112 595 omnia
1135 531 1286 596 Plautina
1309 534 1360 596 vel

181 632 374 710 perscrutor,
397 628 493 693 incidi
517 628 699 695 inversum
722 629 909 696 Aululariae
930 633 1009 696 831:

333 746 373 799 ltat
391 747 485 815 loquor
504 776 545 800 -.
581 747 617 800 At
635 750 692 801 scin
712 749 863 816 quomodo?
882 780 914 787 —
933 749 982 803 Vol
1002 750 1088 802 hercle
1108 750 1192 803 euica.

182 848 296 915 Nonne
317 851 436 915 mirum
458 855 505 917 est
526 851 588 916 hoc
608 872 738 935 quoque
759 855 829 918 loco
851 874 961 919 vocem
980 855 1081 919 hercle
1091 855 1283 936 particulam
1306 856 1358 921 in-

180 949 293 1033 sequi?
335 951 445 1016 Habes

526 1036 573 1087 Vel
590 1036 678 1088 hercle
696 1037 727 1088 in
744 1038 844 1089 malam
863 1053 967 1088 crucem

525 1122 572 1174 Vel
590 1122 676 1174 hercle
694 1124 770 1174 enico

526 1208 572 1260 Vel
589 1209 677 1260 hercle
694 1209 777 1261 entco.

181 1313 296 1395 Itaque
323 1313 397 1378 licet
425 1312 504 1376 mihi
533 1312 594 1376 hoc
623 1312 693 1376 loco
715 1312 804 1377 Birtii
833 1314 1025 1378 senteutiam
1054 1314 1198 1394 adferre,
1228 1316 1268 1380 de
1286 1337 1353 1399 qua

182 1413 371 1495 propediem
389 1413 517 1496 publice
532 1412 710 1495 disputabit
731 1413 847 1496 cuique
868 1413 1003 1479 libenter
1024 1416 1210 1498 adstipulor,
1234 1417 1354 1482 scilicet

179 1512 319 1578 litteram
347 1515 365 1578 lr
397 1515 430 1578 in
460 1514 565 1596 prisca
595 1532 630 1576 re
659 1514 793 1578 metrica
823 1519 856 1579 et
882 1514 1006 1579 hiatum
1030 1516 1194 1580 sustulisse
1215 1521 1247 1580 et
1267 1518 1353 1598 posi·

179 1614 300 1679 tionem
322 1614 471 1680 effecisse.
515 1614 554 1678 ld
576 1618 698 1678 certum
721 1614 798 1678 mihi
821 1618 869 1680 est
889 1615 1027 1680 litteram
1050 1615 1070 1679 h
1097 1616 1130 1680 in
1153 1636 1251 1680 causa
1272 1637 1352 1697 esse,

157 1715 160 1719 ’
178 1714 204 1778 si
227 1714 330 1779 tribus
351 1714 402 1778 his
423 1715 500 1780 locis
521 1733 627 1797 neque
649 1715 724 1779 alibi
746 1716 833 1779 vocis
854 1716 899 1779 ael
920 1716 1079 1798 producta
1099 1736 1250 1781 mensura
1265 1738 1352 1782 com·

179 1818 280 1896 paret.
325 1813 473 1880 Ceterum
503 1815 536 1878 in
564 1815 751 1879 Aululariae
779 1835 873 1880 versu
904 1817 1055 1902 quomodo
1084 1821 1141 1881 aut
1168 1818 1351 1901 tribrachys

178 1919 226 1980 est
248 1913 298 1995 (cf.
322 1915 390 1980 Birt
411 1916 490 1980 Mus.
513 1915 618 1980 Rhen.
641 1915 783 1995 51‚106)
806 1921 862 1981 3111
884 1939 944 2003 quo
965 1919 1055 1982 modo
1076 1917 1291 1998 scribendum,
1313 1925 1351 1984 ut

179 2015 270 2079 modo
291 2035 351 2098 pro
370 2016 557 2098 pyrrhichio
579 2016 765 2098 accipiatur.

262 2115 376 2181 Habeo
398 2136 475 2180 vero
502 2117 600 2181 etiam
622 2116 709 2181 aliud
730 2117 909 2199 productae
930 2118 1064 2182 voculae
1085 2121 1133 2184 vel
1154 2119 1347 2201 exemplum,

178 2217 266 2298 quod
285 2216 405 2281 Birtius
426 2217 503 2281 mihi
522 2216 660 2299 benigne
681 2217 907 2300 suppeditavit.
943 2218 1072 2299 Legitur·
1094 2219 1179 2283 enim
1202 2220 1234 2283 iu
1247 2220 1348 2285 Didus

179 2317 314 2399 epistula
338 2317 441 2398 (anth.
464 2318 519 2383 lat.
542 2320 592 2396 83,
617 2319 675 2381 119
698 2318 747 2382 ed.
768 2315 894 2398 Riese):

327 2435 476 2504 Numquam
496 2435 592 2488 damna
611 2436 678 2488 volo,
715 2435 764 2488 Vol
783 2435 832 2488 hoc
851 2435 923 2501 mihi,
943 2435 1051 2504 perfido,
1070 2434 1157 2488 redde.

178 2538 292 2603 Nescio
302 2559 381 2604 num
393 2539 454 2604 hoc
465 2559 595 2623 quoque
608 2540 753 2622 exemplo
764 2540 855 2605 abuti
869 2540 966 2604 velint
976 2539 1179 2621 grammatici
1191 2539 1347 2605 hodierni.

176 2637 306 2703 Certum
338 2645 386 2704 est
418 2640 514 2705 etiam
549 2640 600 2704 hic
630 2640 782 2722 subsequi
807 2641 828 2703 h
850 2643 1098 2718 consonantem,
1131 2643 1243 2722 estque
1264 2640 1347 2704 haec

176 2743 267 2804 aetas
277 2740 478 2805 saeculorum
490 2741 633 2820 lv—vi,
656 2761 721 2822 qua
742 2741 762 2804 b
782 2741 888 2806 littera
904 2759 1014 2805 rursus
1029 2740 1061 2803 in
1079 2740 1213 2804 densum
1231 2760 1347 2804 sonum

175 2840 301 2905 transiit
328 2844 496 2923 totamque
520 2841 725 2906 consonantis
748 2840 850 2905 vicem
874 2841 1041 2922 praestitit.
1084 2839 1190 2905 Notae
1211 2844 1286 2905 suut
1307 2860 1347 2905 ex

175 2939 304 3004 Sedulio
333 2941 383 3005 vel
411 2942 549 3006 Aratore
577 2961 747 3006 mensurae
777 2946 814 3006 ut
843 2943 893 3005 vir
921 2941 1050 3005 homilis
1080 2940 1345 3019 choriambicum,

174 3039 223 3104 bis
244 3040 385 3105 hobitum
409 3042 486 3106 item
516 3041 567 3122 (ci.
589 3043 665 3107 Luc.
687 3042 818 3106 Mueller
840 3042 880 3106 de
902 3061 937 3105 re
959 3045 1051 3106 metr.
1073 3061 1104 3123 p.
1127 3041 1185 3104 391
1210 3040 1260 3105 ed.
1283 3038 1345 3121 ΙΙ);

175 3144 206 3205 31
228 3144 332 3206 exstat
354 3141 387 3206 in
408 3143 522 3207 eadem
544 3142 644 3207 Didus
665 3143 800 3225 epistula
822 3163 851 3205 v.
872 3144 913 3206 89
934 3142 980 3207 113
1002 3141 1237 3205 conformatus:

324 3260 409 3313 Corda
427 3259 520 3328 ligavit
539 3277 618 3313 amor.
655 3259 719 3322 Quis
738 3264 841 3313 tanturn
860 3261 888 3311 in
909 3260 1014 3328 hospite
1032 3258 1119 3311 vellet.

171 3363 287 3428 Fateor
317 3363 367 3428 his
395 3364 605 3429 consideratis
627 3384 665 3429 eo
689 3364 811 3429 facilius
833 3384 886 3428 me
907 3363 1007 3427 Birtio
1029 3363 1111 3427 duce
1134 3361 1166 3425 in
1186 3361 1345 3426 Plautinis

173 3463 326 3546 exemplis
347 3465 537 3546 positionem
561 3484 745 3546 agnoscere,
769 3464 909 3546 quaml
931 3464 1036 3527 littera
1059 3461 1163 3526 efficit.

254 3566 368 3647 ltaque
390 3565 423 3629 in
444 3569 534 3630 recta
555 3564 608 3629 1113
630 3565 684 3629 via
704 3564 976 3647 perseverandum
1000 3583 1068 3627 esse
1083 3562 1218 3640 videtur,
1244 3581 1343 3643 quam

172 3665 386 3730 Buechelerus
415 3665 664 3730 demonstravit:
693 3666 739 3729 vel
761 3685 829 3730 esse
852 3664 987 3728 alteram
1008 3683 1181 3745 personam
1203 3662 1343 3744 impera-

171 3765 227 3831 tivi
250 3785 271 3830 3
292 3765 391 3830 verbo
413 3769 488 3832 velle
510 3766 654 3831 derivati.
700 3765 773 3830 Huc
795 3764 937 3841 accedit,
968 3763 1054 3846 quod
1082 3763 1178 3826 huius
1199 3761 1343 3826 eiusdem

170 3865 367 3948 imperativi,
397 3867 452 3949 qui
473 3866 578 3931 littera
601 3888 617 3929 e
639 3866 673 3930 in
693 3865 757 3929 fine
779 3868 883 3941 caret,
905 3863 1018 3928 Umbri
1040 3883 1170 3947 quoque
1192 3862 1344 3944 reliquias

168 3971 395 4046 servaverunt,
418 3986 556 4050 quorum
579 3967 611 4030 in
631 3966 890 4048 inscriptionibus
915 3967 996 4028 celtu
1018 3964 1172 4028 traditum
1200 3963 1342 4044 legimus,

173 4086 271 4148 quam
288 4087 400 4131 vocem
416 4068 629 4132 Buechelerus
643 4067 676 4131 in
690 4066 850 4131 Umbricis
868 4085 900 4147 p.
917 4065 975 4129 167
995 4084 1053 4147 per
1067 4066 1171 4146 eligito
1193 4062 1341 4145 explicat.

252 4167 404 4232 Ceterum
428 4168 521 4233 valde
543 4168 641 4232 miror
664 4167 751 4249 quod
772 4186 868 4229 nemo
891 4166 968 4230 dum
991 4165 1034 4230 ad
1053 4163 1243 4245 glossarium
1264 4163 1342 4227 illud
