3030 4838
669 313 874 376 „59-

178 507 274 570 quern
297 507 425 551 versum
448 490 561 552 contra
586 489 712 554 codices
735 489 802 554 01)
825 490 872 572 (B
892 493 1026 573 praebet
1053 491 1096 573 el)
1118 497 1150 557 et
1172 481 1348 558 Varronem

178 591 216 654 de
232 589 252 653 l.
264 588 284 651 l.
296 589 356 652 Vll
367 590 407 653 69
417 589 518 653 Paulo
532 592 664 654 auctore
684 589 727 672 (p.
738 593 777 656 97
790 591 844 674 Μ.)
861 593 905 657 sic
924 593 1128 667 scribendum
1150 613 1219 658 esse
1235 613 1349 658 censeo

317 695 466 749 Vinceretis
487 712 567 748 cursu
586 711 677 750 cervas
695 701 722 749 et
740 697 897 765 gralatorem
916 699 1008 766 gradu.

216 789 316 854 Cist.
346 791 408 854 101
440 809 479 852 ex
513 790 692 871 scripturae
723 791 755 854 in
784 792 1001 857 Ambrosiano
1033 793 1173 875 reliquiis
1204 795 1249 858 nil
1281 796 1350 881 erui

177 895 283 972 potest
306 889 365 954 nisi
386 893 444 954 vel.

258 990 377 1055 Omnia
411 990 476 1054 iam
513 993 561 1054 cel
591 991 768 1073 particulae
805 992 967 1074 exempla,
1007 1012 1091 1074 quae
1128 993 1161 1057 in
1193 993 1350 1059 Plautinis

177 1091 350 1155 comoediis
364 1091 482 1155 tradita
493 1096 577 1168 sunt,
593 1096 721 1174 praeter
733 1092 842 1156 oculos
857 1096 982 1156 nostros
991 1093 1171 1174 {praeterire
1185 1095 1350 1159 vidimus.l

178 1194 283 1273 Atque
312 1210 384 1256 curn
415 1199 471 1256 cet
500 1193 710 1272 colligationis
741 1213 834 1257 usum
866 1193 897 1257 in
928 1194 1118 1258 memoriam
1148 1214 1348 1272 revocamus,

177 1293 300 1356 elucere
321 1297 416 1373 pute,
447 1298 605 1374 quantum
634 1293 758 1356 intersit
788 1294 870 1357 inter
892 1295 1060 1376 utriusque
1082 1295 1260 1376 particulae
1282 1297 1348 1360 vim

177 1396 207 1456 et
228 1392 504 1473 significationem.
548 1393 643 1456 Errat
670 1394 767 1474 igitur
785 1393 947 1471 Goetzius‚
979 1394 1003 1457 si
1025 1394 1124 1459 Stich.
1154 1416 1183 1460 v.
1208 1397 1267 1460 152
1288 1417 1348 1478 pro

176 1499 231 1556 aut
265 1497 385 1556 temere
413 1495 462 1557 vel
493 1493 675 1571 substituit,
709 1498 745 1557 ut
776 1493 901 1557 hiatum
929 1494 1062 1559 tolleret.
1105 1496 1228 1560 Eodem
1249 1498 1347 1562 modo

175 1592 253 1657 falso
275 1593 451 1657 Schoellius
472 1592 564 1674 Capi.
587 1595 648 1658 665

314 1701 395 1752 Decet
413 1700 579 1753 innocentem
600 1700 640 1753 rel
659 1717 761 1754 servom
781 1705 860 1769 atque
878 1702 1016 1753 innoxium

175 1792 206 1852 et
227 1787 321 1870 Capi„
343 1787 405 1852 911

314 1886 396 1950 Quasi
415 1887 495 1955 lupus
515 1889 634 1941 esuriens
653 1889 738 1955 timui,
757 1905 791 1940 ne
810 1888 850 1941 vel
868 1890 897 1941 in
915 1906 955 1941 me
974 1888 1073 1940 iaceret
1092 1889 1218 1956 impetum

175 2000 285 2045 versus
308 2000 389 2062 quos
406 1986 574 2062 corruptos
589 2000 658 2045 esse
673 1985 774 2062 putat,
796 1981 844 2045 oel
862 1981 1049 2063 interposito
1068 2001 1185 2046 sanare
1200 2001 1260 2046 con
1282 1983 1344 2046 tur.

174 2080 299 2145 Erravit
316 2085 348 2145 et
361 2081 565 2159 Ritschelius‚
585 2081 612 2145 si
627 2082 773 2146 codicum
789 2081 924 2146 lectione
939 2082 1073 2147 turbata
1087 2081 1178 2146 Most.
1192 2102 1221 2145 v.
1230 2083 1284 2146 ull
1297 2103 1344 2165 sq.

175 2180 218 2245 sic
241 2181 422 2246 constituit:

310 2280 411 2349 Edepol
431 2282 454 2334 si
473 2282 513 2334 vel
535 2297 636 2334 summo
655 2282 710 2334 lovi
729 2298 759 2334 eo
778 2286 887 2350 argento
907 2281 1114 2350 sacruficassem,

312 2367 362 2421 Pro
381 2369 454 2421 illius
472 2369 559 2442 capite
580 2369 650 2437 quod
669 2369 739 2435 dedi,
756 2385 899 2437 numquam
919 2385 1002 2438 aeque
1021 2370 1048 2422 id
1067 2372 1134 2423 bene
1154 2371 1290 2423 locassem.

171 2461 256 2526 Nam
287 2461 402 2542 exiguo
424 2461 642 2543 exemplorum
664 2483 798 2527 numero
827 2466 961 2544 excepto
981 2463 1027 2527 vel
1053 2464 1231 2545 particulae
1250 2484 1344 2528 usum

170 2561 358 2626 Plautinum
376 2581 449 2625 eum
462 2581 530 2626 esse
543 2562 733 2627 confirmare
748 2564 830 2640 lieet,
850 2569 885 2627 ut
899 2564 988 2627 verbi
1005 2564 1081 2629 celle
1090 2570 1208 2629 natura
1224 2564 1345 2646 ubique

168 2661 393 2727 subaudienda
424 2662 470 2725 ‘sit
499 2666 597 2744 atque
631 2663 698 2727 eius
727 2663 866 2728 maxime
896 2665 952 2746 qui
981 2664 1164 2746 appellatur
1194 2665 1344 2729 voluntas

169 2763 203 2827 in
226 2783 265 2828 ea
287 2762 403 2826 vocula
422 2763 621 2846 respiciatur.
1164 2787 1167 2793 ¹

252 2869 504 2951 Progrediamur
525 2870 589 2933 iam
614 2870 658 2934 ad
678 2870 876 2936 Terentium.

491 3100 558 3173 Vl.
595 3101 710 3174 Usus
735 3097 1024 3173 Terentianus.

253 3236 300 3300 De
332 3236 458 3300 diverso
488 3237 595 3301 Plauti
628 3241 661 3300 et
688 3237 818 3301 Terenti
848 3255 963 3318 genere
992 3233 1119 3299 dicendi
1146 3232 1247 3296 multa
1277 3231 1343 3294 iarn

169 3335 290 3418 scripta
319 3341 351 3401 et
382 3337 468 3401 dicta
499 3341 583 3401 sunt.
626 3337 716 3415 Quae
746 3338 912 3401 diversitas
941 3335 1089 3400 facillime
1112 3333 1290 3414 explicatur
1312 3332 1344 3394 et

172 3436 342 3501 intervallo
364 3438 527 3518 temporis,
550 3438 636 3518 quod
657 3439 738 3502 inter
755 3437 824 3502 illos
841 3442 919 3515 erat,
935 3442 967 3500 et
981 3457 1019 3501 ea
1041 3436 1110 3516 ipsa
1127 3452 1234 3509 causa,
1256 3430 1345 3513 quod

168 3535 250 3601 alter
271 3537 374 3617 plebis
396 3538 592 3602 cotidianum
610 3558 789 3602 sermonem
814 3538 873 3601 sibi
893 3537 1074 3618 assumpsit,
1098 3535 1178 3598 alter
1195 3531 1343 3614 quamvis

164 3638 283 3721 populo
304 3644 338 3701 at
353 3636 517 3722 placerent
538 3658 619 3724 qaas
640 3638 766 3720 fecisset
784 3638 915 3720 fabretus
937 3657 1070 3718 operam
1092 3636 1200 3711 daret,
1233 3637 1342 3697 tamen

168 3756 296 3801 summo
318 3738 424 3802 studio
447 3739 480 3802 id
502 3740 581 3820 egit,
603 3743 640 3803 ut
661 3759 808 3803 sermone
830 3739 955 3802 urbano
978 3741 1011 3802 et
1032 3737 1074 3802 ad
1095 3736 1247 3801 sublimes
1268 3753 1343 3797 suas

168 3837 404 3902 familiaritates
426 3844 503 3920 apto
525 3844 676 3904 uteretur.
715 3839 870 3917 Quamvis
892 3838 987 3919 igitur
1010 3837 1170 3902 diversum
1192 3837 1255 3900 hac
1277 3855 1343 3900 una

238 4032 265 4100 1)
291 4032 484 4087 Particularum
510 4034 631 4102 exempla
655 4040 786 4103 quatenus
812 4036 839 4087 in
865 4034 981 4103 prologis
1001 4039 1107 4087 exstant
1125 4034 1184 4087 vide
1203 4034 1272 4086 inira
1291 4034 1341 4086 sub

166 4120 255 4190 capite
273 4120 331 4174 Vll.
