3030 4838
663 275 870 339 ,43-

205 454 318 536 Epid.
341 455 382 519 56

302 554 371 618 Quid
389 554 462 608 iam?
497 556 553 609 Aut
571 554 635 623 quid
654 552 715 606 ost?

205 650 299 713 Men.
323 649 384 713 812

302 749 423 817 Deosque
444 748 477 802 do
495 748 580 801 testis.
600 776 632 783 —
651 745 709 810 Qua
727 746 760 798 ds
778 744 826 798 rai
851 745 905 796 Aut
924 744 1019 812 quoius
1038 743 1076 795 rei
1095 758 1181 794 rarum
1200 738 1337 795 omnium?

204 844 302 907 Men.
324 842 386 907 823

302 942 370 1005 Quid
390 946 420 995 tu
438 941 500 995 ais?
516 959 581 994 num
595 942 656 993 hinc
679 938 847 1006 amigrastisi
858 967 890 975 -
901 937 984 1000 Quam
1002 934 1156 989 inlocum?
1184 935 1239 987 Aut
1257 949 1335 1002 quam

204 1029 301 1093 Men,
324 1029 385 1094 826
1071 1023 1105 1075 ob
1125 1038 1188 1087 ram,
1207 1019 1336 1073 obsecro?

302 1128 398 1182 Unda?
435 1130 490 1181 Aut
508 1130 568 1198 quis
585 1132 616 1181 tu
634 1127 757 1181 homo’si

203 1222 282 1286 Mil.
306 1216 366 1287 a77

302 1322 370 1385 Quid
390 1322 462 1376 iam?
499 1323 555 1375 Aut
574 1322 637 1392 quid
659 1321 797 1391 negotist?

203 1415 281 1479 Mil.
304 1416 366 1480 425

306 1514 370 1577 Quis
388 1520 417 1568 tu
436 1515 558 1570 homo’s?
592 1518 646 1569 Aut
664 1533 766 1570 manum
785 1517 849 1585 quid
868 1521 908 1569 ast
925 1514 1035 1583 negoti?

203 1609 280 1673 Mu.
303 1609 365 1673 usa
388 1609 441 1687 (=
465 1609 556 1692 spu.
577 1609 630 1689 56)

302 1707 372 1771 Quid
390 1709 463 1762 iam?
496 1710 551 1763 Aut
569 1711 632 1779 quid
652 1709 713 1763 est?

204 1802 317 1866 Most.
337 1802 399 1866 466

301 1902 385 1965 Quam
404 1903 437 1955 ob
456 1901 532 1955 rami
569 1903 624 1955 Aut
643 1920 721 1971 quam
744 1904 832 1956 subito
852 1919 905 1955 ram
924 1902 988 1953 mihi
1006 1901 1133 1969 adportas
1152 1898 1267 1953 novam?

204 1997 317 2060 Most.
339 1996 401 2061 478

302 2095 372 2158 Quid
390 2097 459 2149 istuc
478 2101 519 2150 ast
537 2096 664 2149 scalaris?
701 2097 757 2148 Aut
776 2097 835 2164 quis
855 2096 882 2148 id
900 2094 984 2148 iecit?

206 2190 319 2253 Most.
344 2190 423 2254 1017
435 2209 482 2271 sq.
549 2205 651 2256 Mecum
669 2203 762 2256 utillo
782 2204 824 2257 hic
842 2204 963 2272 gesserit,

300 2290 368 2341 Dum
387 2294 417 2342 tu
435 2290 497 2344 hina
515 2291 587 2357 abas,
605 2291 716 2359 negoti?
736 2291 861 2360 quidnam
872 2289 902 2354 ἡ
919 2291 974 2343 Aut
992 2306 1044 2358 quo
1063 2288 1126 2341 dia?

203 2382 310 2446 Pers.
333 2383 395 2445 210

300 2481 368 2544 Quid
387 2483 455 2535 mala
473 2483 561 2537 facio?
596 2485 651 2536 Aut
670 2484 731 2552 quoi
750 2484 817 2537 male
837 2483 916 2537 diso?

204 2575 323 2639 Poen.
348 2577 428 2641 1009

301 2674 370 2737 Quid
389 2677 418 2728 in
435 2676 503 2729 hanc
523 2676 632 2729 venistis
651 2676 763 2730 urbemi
798 2677 853 2729 Aut
872 2677 935 2746 quid
957 2675 1107 2745 quaeritis?

204 2769 323 2833 Poen.
349 2770 430 2834 idid

303 2868 372 2931 Quid
392 2869 449 2922 ait?
485 2867 541 2923 Aut
559 2870 622 2939 quid
642 2869 719 2923 orat?

204 2961 323 3026 Poen.
348 2963 427 3028 1248

301 3062 353 3115 Ubi
372 3066 434 3115 sunt
453 3060 518 3115 aas?
555 3063 610 3115 Aut
629 3080 703 3132 quas,
722 3065 830 3117 obsecro
851 3064 913 3117 ...i

204 3156 348 3220 Pseud.
374 3156 432 3221 182
447 3176 493 3238 sq.

301 3256 354 3310 Gur
373 3273 421 3325 ego
440 3260 539 3310 vestem
559 3274 651 3310 aurum
672 3262 750 3327 atqua
769 3275 809 3325 ea,
828 3259 925 3327 quibus
940 3264 980 3312 est
994 3259 1068 3311 vobis
1082 3274 1157 3324 usus,
1176 3260 1338 3327 praehibeoi

997 3346 1053 3398 Aut
1071 3345 1134 3414 quid
1154 3346 1189 3397 mi

301 3430 377 3482 Domi
396 3431 448 3483 nisi
468 3432 564 3485 malum
584 3438 672 3486 vestra
692 3439 799 3502 operast
817 3433 916 3486 hodia?

168 3530 220 3585 aut
240 3522 341 3587 tradit
364 3522 403 3602 A,
427 3525 581 3590 omittunt
602 3525 749 3589 Palatini.

206 3640 321 3704 Pseud.
346 3641 407 3705 219
424 3662 470 3724 sq.

303 3741 372 3793 Num
391 3742 524 3811 quoipiam
545 3748 585 3796 est
603 3744 682 3797 hodie
701 3748 747 3796 tua
766 3748 872 3796 tuorum
892 3761 973 3812 opera
991 3761 1176 3826 cunservorum

303 3827 510 3881 Nitidiuscuium
529 3830 629 3899 eaput?
665 3831 719 3883 Aut
738 3847 801 3882 num
821 3831 878 3898 ipse
898 3848 947 3898 ago
966 3831 1103 3899 pulmento
1122 3836 1184 3884 utor
1203 3848 1225 3884 e.
1236 3850 1260 3901 q.
1272 3849 1292 3886 s.

206 3920 351 3984 Pseud.
373 3921 434 3985 619
450 3941 496 4057 s}

490 4004 523 4056 sd
541 4005 588 4057 ubi
606 4008 636 4056 tu
654 4021 695 4057 me
714 4005 812 4058 novisti
832 4003 973 4072 gentium?

304 4091 358 4143 Aut
376 4090 486 4144 vidisti?
518 4092 574 4144 Aut
592 4091 779 4145 conlocutu’s?
