3030 4838
582 309 789 372 ..31-

92 504 175 567 quas
208 484 291 548 inter
324 485 443 549 multas
474 485 649 566 particulas
684 488 862 549 extremum
902 490 958 548 oct
995 483 1263 565 significationem

91 583 228 666 praebet
248 583 346 664 paulo
368 604 387 648 a
411 584 523 648 ceteris
546 584 766 659 recedentem
788 584 908 665 colligit
931 583 1014 647 enim
1039 582 1131 664 quasi
1154 583 1264 646 omnia

95 703 144 760 ea,
168 702 253 766 quae
274 688 371 748 antea
394 688 584 748 enumerata
604 688 688 759 sunt,
717 684 748 747 in
770 703 871 747 unum
894 686 993 764 atque
1015 683 1047 746 id
1069 681 1157 746 valet
1177 680 1265 763 quod

92 788 204 847 nostra
223 784 332 866 lingua
345 783 470 864 „kurz“.
498 784 619 846 Eodem
635 783 733 847 modo
750 790 805 847 aut
819 787 994 864 usurpatur
1011 782 1099 846 Aul.
1114 781 1265 862 522sqq„

91 884 147 947 ubi
179 888 253 965 posi
283 883 501 963 longissimam
529 884 643 946 seriem
674 882 843 964 opiticum,
873 883 928 964 qui
951 881 1131 945 mercedem
1154 883 1265 962 postu·

91 982 196 1046 lantes
218 982 381 1060 incedunt,
404 983 552 1047 additur:

521 1082 573 1134 iam
594 1081 731 1135 absolutos
751 1097 869 1147 censeas,

232 1166 297 1220 (ium
317 1167 445 1220 incedunt
465 1168 615 1233 infectores,
635 1168 774 1220 corcotarii
794 1195 826 1204 —-

233 1254 288 1305 Aut
307 1253 396 1322 aliqua
415 1254 484 1306 mala
503 1270 566 1306 crux
586 1270 689 1322 semper
709 1258 757 1318 est,
777 1269 844 1322 quae
865 1251 966 1321 aliquid
985 1253 1067 1318 petat,

97 1345 178 1409 illud
200 1366 275 1410 vero
293 1354 357 1425 aut,
381 1366 446 1428 quo
462 1348 626 1411 cumulato
642 1348 712 1429 ipsa
728 1344 928 1411 enumeratio
943 1343 1057 1427 pergit,
1080 1341 1264 1423 germanice

95 1444 244 1524 „bald-
257 1444 351 1510 baid“
376 1446 565 1510 vertendum
589 1450 645 1510 esi.
679 1446 770 1523 Quae
785 1445 899 1509 eadem
921 1443 1093 1508 statuenda
1106 1447 1154 1506 est
1177 1441 1264 1506 notio

135 1550 254 1614 Poen.
278 1553 338 1615 ⁶219
349 1571 396 1633 sq.

236 1651 274 1702 Ex
293 1650 426 1703 industria
446 1652 523 1704 ambo
544 1667 687 1719 numquam
707 1666 893 1704 concessamus

236 1735 331 1788 Lavari
350 1742 397 1789 aut
415 1735 505 1790 fricari
525 1743 572 1789 aut
591 1739 686 1805 tergeri
707 1742 754 1790 aut
772 1737 859 1790 ornari

94 1833 127 1892 et
148 1828 181 1890 in
203 1828 455 1911 Sitellitergi
477 1831 659 1911 fragmento

371 1935 463 2000 ifitea
481 1936 544 1988 mihi
563 1937 677 2004 insignis
697 1951 792 2004 pueros
811 1936 898 2003 pariat
916 1940 1010 2004 postea

233 2021 386 2073 Autvarum
398 2026 445 2074 aut
453 2023 557 2090 valgum
569 2026 788 2092 autccmperuem
798 2027 845 2074 aut
853 2025 960 2090 paetum
969 2016 1264 2074 autbrocchumfiiium.

178 2113 267 2178 Haec
291 2119 340 2178 est
361 2114 414 2178 illa
436 2115 643 2196 significatio,
677 2136 775 2198 quam
799 2115 983 2180 Priscianus
1004 2113 1111 2177 verbis
1131 2111 1266 2175 discrete

97 2219 270 2294 utrumque
291 2233 358 2278 esse
378 2215 568 2295 significavit
592 2214 643 2296 (ci.
657 2236 688 2297 p.
701 2216 733 2296 A)
756 2234 921 2298 quamque
936 2213 1106 2278 Diomedes
1124 2210 1174 2291 (cf.
1189 2232 1219 2292 p.
1232 2209 1264 2291 5)

96 2312 238 2394 appellat
270 2316 487 2395 separativam
519 2316 673 2398 cuiusque
703 2316 851 2396 exempla
874 2319 906 2379 ei
928 2314 992 2379 alia
1014 2315 1047 2377 ei
1068 2310 1265 2375 Aeneidosl

94 2432 124 2476 v.
145 2412 208 2476 434
228 2413 337 2490 afferi,
367 2414 422 2477 ubi
443 2421 618 2479 ‹rut—aut
637 2435 696 2496 per
717 2415 959 2478 mocio—mocio
981 2411 1171 2477 vertendum
1196 2429 1264 2473 esse

95 2511 246 2574 affirmat.

180 2664 249 2745 57.
295 2665 416 2730 Deinde
451 2667 478 2731 is
499 2667 555 2748 qui
577 2667 717 2750 loquitur
748 2668 830 2732 duas
854 2667 996 2731 diversas
1016 2685 1068 2730 res
1090 2671 1145 2728 cat
1168 2663 1265 2726 inter-

96 2765 200 2846 posito
213 2765 380 2846 copulatas
391 2766 453 2830 sibi
464 2768 615 2848 proponit
633 2772 664 2831 et
686 2767 805 2850 quasi
825 2768 912 2848 ipse
932 2766 1110 2847 quaerit:
1133 2768 1264 2827 utrum

96 2884 169 2946 ego
195 2883 282 2928 esse
311 2865 495 2930 credam?
537 2866 642 2944 Quam
666 2867 731 2930 vini
755 2867 833 2930 mihi
862 2866 1012 2930 exhibere
1038 2865 1189 2929 videntur
1211 2862 1266 2944 qui

97 2968 276 3045 sequuntur
297 2984 426 3029 versus:

138 3070 281 3152 Amph.
304 3072 365 3136 709

237 3169 306 3222 Num
324 3172 373 3224 tibi
393 3174 440 3223 aut
459 3171 574 3224 stultitia
592 3171 705 3224 accessit
723 3174 769 3222 aut
788 3173 896 3238 superat
914 3167 1060 3236 superbia?

138 3263 418 3345 Ampsiuarii

237 3363 279 3416 Tu
297 3368 368 3417 certe
386 3369 433 3417 aut
449 3364 569 3417 laruatus
587 3368 634 3416 aut
653 3364 764 3417 cerritus
783 3378 820 3415 es.

138 3456 250 3521 Asin.
272 3457 336 3522 264

237 3557 292 3609 Aut
310 3556 374 3608 mihi
393 3556 421 3608 in
439 3556 538 3610 mundo
556 3561 619 3610 sunt
637 3557 727 3625 virgae
747 3562 793 3611 aut
812 3558 921 3610 atriensi
940 3556 1065 3610 Saureae.

138 3647 234 3712 Men.
256 3649 318 3713 890
330 3668 377 3730 sq.
400 3648 452 3730 (ci.
475 3649 594 3732 Amph.
616 3649 652 3714 ir.
675 3650 744 3732 XII)

237 3747 305 3800 Num
326 3747 447 3801 laruatus
466 3753 513 3801 aut
532 3750 678 3803 cerritust?
696 3752 738 3803 iac
757 3751 848 3802 sciam.

238 3834 305 3886 Num
324 3851 383 3887 eum
402 3841 526 3888 veternus
545 3840 591 3889 aut
610 3853 679 3904 aqua
699 3837 816 3889 intercus
835 3835 926 3890 tenet?

138 3926 247 3991 Trin.
269 3928 387 4010 598sq.

237 4025 289 4079 lbit
307 4027 375 4080 istac
393 4028 482 4097 aliquo
501 4031 530 4082 in
549 4031 687 4083 maximam
708 4031 803 4083 malam
822 4047 925 4083 crucem

237 4110 436 4166 Latrocinatum
456 4120 502 4167 aut
521 4117 549 4167 in
568 4117 660 4168 Asiam
680 4121 726 4168 aut
745 4119 774 4168 in
792 4115 921 4170 Ciliciam.
