3030 4838
765 422 968 487 ..95-

356 599 499 663 Eandem
521 597 606 661 viam
629 615 728 680 quam
752 618 867 680 prosae
885 600 1038 665 orationis
1053 600 1222 681 scriptores
1237 605 1268 665 et
1281 600 1445 667 Lucretius

272 703 368 782 poeta
382 696 461 761 iniit.
484 697 521 761 ld
536 697 624 779 quod
639 697 718 762 satis
735 699 982 778 demonstratur,
998 699 1057 764 hos
1074 699 1100 763 si
1113 719 1222 764 versus
1236 701 1445 782 perlegimus²

313 798 349 876 ll,
371 797 434 861 434
444 816 514 878 sqq.

422 896 521 949 Tactus
543 895 622 961 enim,
643 900 740 962 tactus,
760 913 807 965 pro
827 897 915 950 divum
934 898 1042 950 nomina
1061 901 1162 965 saneta,

425 982 549 1051 Corporis
569 987 610 1035 est
628 999 731 1048 sensus,
751 983 792 1036 vel
812 1000 870 1036 cum
890 1000 932 1037 res
951 989 1041 1036 extera
1059 999 1117 1036 sese

422 1069 553 1133 Insinuat,
572 1068 612 1120 vel
634 1085 692 1121 cum
711 1068 797 1121 laedit
816 1086 884 1137 quae
903 1070 930 1122 in
949 1085 1059 1138 corpore
1076 1073 1167 1122 natast

425 1155 478 1208 Aut
496 1155 571 1207 iuvat
590 1154 728 1222 egrediens
748 1154 874 1222 genitalis
893 1172 941 1224 per
959 1154 1070 1208 Veneris
1089 1172 1140 1222 rea,

424 1243 480 1293 Aut
499 1257 531 1293 ex
550 1241 653 1293 offensu
671 1257 729 1294 oum
750 1243 860 1294 turbant
878 1259 900 1294 e.
911 1259 935 1310 q.
946 1258 981 1306 s.;

274 1356 351 1402 nam
373 1335 426 1400 hic
448 1332 495 1398 vel
516 1333 695 1398 cum—vel
717 1339 907 1398 oum—aut
929 1355 999 1399 cum
1020 1335 1103 1400 inter
1124 1356 1158 1401 se
1178 1337 1384 1419 respondent.

352 1465 424 1549 52.
469 1467 537 1530 larn
566 1463 664 1544 igitur
693 1465 736 1529 ad
765 1465 963 1547 quaestionis
991 1465 1087 1530 huius
1118 1466 1215 1531 finem
1251 1469 1443 1549 perventum

271 1570 336 1646 est,
366 1585 444 1631 nam
472 1564 505 1629 id
535 1583 645 1628 meum
673 1582 739 1628 non
769 1585 837 1629 esse
866 1568 946 1647 puto
976 1584 1071 1630 usum
1092 1564 1323 1646 particularum
1345 1584 1443 1648 porro

270 1664 429 1750 persequi,
452 1664 507 1746 qui
528 1664 562 1728 id
583 1663 663 1728 mihi
686 1664 907 1745 proposuerim
931 1665 1163 1743 demonstrare,
1185 1684 1251 1748 qua
1265 1666 1318 1730 via
1341 1667 1443 1749 impe-

270 1766 392 1832 rativus
408 1766 456 1829 vel
470 1763 610 1846 priscam
629 1782 721 1827 suam
737 1767 888 1828 naturam
905 1768 1004 1846 atque
1019 1762 1158 1828 indolem
1175 1763 1257 1829 adeo
1274 1766 1442 1844 amisisset,

271 1870 306 1932 ut
327 1864 503 1946 simplicem
527 1862 750 1927 disiunctionis
772 1863 988 1944 significatum
1010 1867 1195 1928 assumeret.
1238 1864 1332 1942 Quod
1362 1885 1441 1931 num

269 1965 348 2030 mihi
370 1962 554 2044 contigerit,
588 1965 623 2026 tu
653 1963 720 2043 ipse
753 1962 881 2026 iudices.
926 1962 1003 2026 Mihi
1027 1981 1103 2026 vero
1131 1962 1212 2026 nihil
1233 1963 1321 2027 aliud
1341 1969 1443 2031 restat

270 2069 368 2147 atque
396 2066 432 2126 ut
460 2081 583 2143 paucas
613 2061 907 2126 animadversiones
935 2064 967 2125 et
996 2061 1127 2143 pusillas
1155 2060 1292 2142 addam,
1323 2065 1442 2146 quibus

268 2165 315 2230 rei
336 2182 429 2227 meae
450 2181 502 2226 me
524 2161 676 2243 prodesse
697 2179 790 2242 posse
812 2165 900 2243 puto.

350 2266 388 2328 ln
410 2260 521 2343 primis
542 2280 620 2325 vero
642 2263 706 2325 tres
728 2280 838 2325 versus
861 2261 999 2337 adnot0,
1033 2279 1114 2342 quos
1135 2258 1269 2325 Birtium
1294 2262 1374 2327 mihi
1397 2263 1441 2328 ad

269 2382 403 2443 manum
427 2360 551 2427 dedisse
573 2364 665 2442 grato
688 2361 796 2425 animo
816 2359 985 2424 confiteor:
1007 2360 1077 2424 Tib.
1100 2359 1141 2422 lV
1162 2361 1295 2441 5‚13sq.

418 2461 474 2513 Nec
491 2464 520 2512 tu
540 2460 576 2513 sis
595 2460 704 2526 iniusta,
723 2460 828 2512 Venus:
847 2460 888 2512 vel
907 2461 1005 2512 serviat
1024 2475 1107 2528 aeque

469 2546 581 2600 Vinctus
601 2550 712 2614 uterque
730 2546 788 2612 tibi,
807 2546 847 2597 vel
866 2563 924 2600 mea
943 2546 1030 2599 vincla
1048 2547 1120 2609 leva,

264 2646 296 2707 et
318 2642 416 2724 Prop.
439 2640 468 2705 ll
494 2641 643 2722 17,5sqq.

416 2741 464 2792 Vel
485 2744 514 2792 tu
533 2739 662 2793 Tantalea
679 2754 799 2791 moveare
820 2738 853 2790 ad
872 2737 982 2791 flumina
1001 2744 1081 2804 sorte,

471 2824 506 2878 Ut
523 2826 611 2894 liquor
629 2825 714 2877 arenti
732 2824 807 2876 sallat
826 2825 860 2876 ab
880 2840 924 2877 ore
943 2824 1023 2890 sitim,

413 2911 462 2964 Vel
481 2913 511 2962 tu
530 2911 668 2978 Sisyphios
685 2911 747 2963 licet
766 2910 894 2962 admirere
915 2912 1027 2976 laboreS,

466 2997 578 3050 Difficile
596 3000 627 3048 ut
644 3001 701 3049 toto
719 3000 808 3049 monte
827 2995 928 3048 volutet
946 3013 1029 3050 onus:

415 3085 512 3137 Durius
531 3083 654 3135 interris
673 3083 739 3136 nihil
760 3082 889 3150 estquod
908 3083 979 3135 vivat
998 3088 1110 3137 amante.

263 3181 379 3245 Nonne
412 3197 508 3243 sonos
529 3176 662 3242 auribus
683 3176 800 3241 nostris
826 3176 1008 3241 notissimos
1040 3177 1205 3255 audimus,
1243 3177 1303 3241 hos
1324 3196 1439 3242 versus

264 3279 291 3343 si
329 3277 527 3343 recitamus?
570 3276 732 3340 sinceram
776 3275 860 3339 enirn
892 3279 990 3358 atque
1023 3296 1138 3358 puram
1178 3277 1225 3340 vel
1257 3276 1439 3356 particulae

264 3382 415 3443 naturam
434 3376 478 3441 eis
499 3375 530 3439 in
547 3376 690 3440 versibus
712 3376 924 3457 agnoscimus
949 3376 1052 3459 qualis
1072 3374 1161 3440 initio
1183 3374 1261 3451 luit,
1283 3375 1438 3439 amabat-

265 3497 330 3560 que
363 3476 460 3541 etiam
482 3475 616 3540 Plautus
649 3474 734 3539 illam
768 3475 1060 3556 monosyllaborum
1094 3473 1141 3538 vel
1176 3480 1210 3538 tu
1239 3474 1436 3538 artissimam

262 3575 521 3640 coniunctionem
563 3573 615 3654 (cf.
653 3593 751 3656 supra
787 3593 819 3655 p.
846 3575 887 3638 50
901 3573 971 3656 sq).
1019 3573 1130 3655 Neque
1164 3573 1271 3638 minus
1304 3577 1435 3653 gratum

261 3674 509 3757 Propertianum
533 3674 610 3738 illud
632 3673 779 3754 obtingit,
803 3674 834 3737 ΙΙ
857 3674 944 3751 ll,l:

410 3774 534 3828 Scribant
552 3773 584 3825 de
603 3777 629 3825 te
649 3772 694 3824 alii
713 3771 753 3823 vel
773 3772 810 3824 sis
829 3772 921 3839 ignota
940 3771 1047 3833 licebit3

191 3917 193 3922 -
258 3889 355 3952 porro
374 3866 496 3932 Lucani
517 3885 627 3930 versus
653 3866 694 3928 Vl
717 3866 778 3929 599

410 3967 460 4019 Vel
478 3969 508 4018 tu
527 3981 605 4033 parce
625 3965 682 4017 deis
703 3981 724 4016 e.
736 3980 795 4032 qs„

260 4061 393 4138 Adicio,
419 4060 507 4142 quod
535 4078 613 4123 casu
644 4058 722 4122 mihi
746 4056 895 4135 obvenit,
925 4056 1125 4138 epigramma
1147 4055 1353 4135 anthologiae
1375 4055 1432 4122 lat.

259 4161 308 4225 ed.
332 4160 427 4224 Riese
451 4159 559 4237 meu:

410 4258 457 4311 Vel
477 4263 507 4310 tu
525 4273 594 4326 pone
615 4256 707 4325 dapes,
725 4257 803 4322 Vere,
822 4255 863 4308 rel
882 4255 956 4307 aufer
975 4269 1047 4323 opes.
