3030 4838
657 317 694 328 ..
738 286 779 351 59
821 319 860 328 -

209 459 354 525 Pseud
377 460 435 525 321
447 481 519 544 sqq.

319 558 388 621 Quid
406 576 479 615 nunc
495 562 545 614 vis.
563 589 596 598 -
614 559 650 612 Ut
668 560 807 628 opperiere
825 561 874 613 hos
892 577 939 613 sex
957 560 1014 613 dies
1034 559 1137 628 aliquos
1156 563 1242 627 modo,

321 646 360 699 Ne
378 646 452 699 illam
469 647 569 701 vendas
587 661 641 698 neu
660 662 701 698 me
720 646 817 715 perdas
835 647 967 700 hominem
988 652 1128 702 amentem.
1147 678 1181 686 -

890 734 987 787 Animo
1005 734 1114 787 bono’s:

319 800 369 853 Vel
388 815 435 854 sex
454 816 557 854 menses
578 802 727 870 opperibor.

208 910 355 975 Pseud.
378 910 440 975 826
452 930 522 992 sqq.

321 1009 389 1073 Quid
407 1009 458 1063 tu?
481 1010 584 1063 Divinis
604 1009 780 1063 condimentis
798 1014 882 1076 utere,

323 1095 374 1160 Qui
393 1112 535 1165 prorogare
553 1097 634 1148 vitam
654 1096 742 1164 possis
761 1096 921 1162 hominibus,

321 1181 371 1245 Qui
390 1199 422 1235 ea
441 1182 533 1251 culpes
551 1181 739 1235 condimenta?
760 1212 792 1218 —
814 1182 949 1236 Audacter
966 1183 1056 1236 dicito.

320 1268 386 1321 Nem
406 1269 447 1321 vel
466 1268 583 1321 ducenos
603 1284 687 1321 annos
706 1272 831 1336 poterunt
851 1270 947 1335 vivere,

321 1357 392 1409 Meas
411 1356 457 1424 qui
474 1355 624 1407 essitebunt
642 1370 716 1407 escas
737 1371 803 1423 ques
823 1355 976 1421 condivero;

169 1469 266 1515 cocus
289 1449 352 1513 hoc
372 1447 438 1511 lere
465 1447 557 1512 dicit:
585 1446 611 1510 si
642 1450 678 1510 tu
706 1445 768 1510 hoc
797 1447 875 1511 artis
897 1467 989 1511 meae
1010 1447 1208 1511 documentu
1230 1447 1339 1512 videre

169 1550 231 1628 vie,
264 1554 301 1613 ut
319 1548 418 1612 homo
446 1546 580 1629 quidem
610 1545 661 1609 vel
689 1546 844 1611 ducentos
872 1565 975 1612 annos
1001 1547 1105 1626 vivat,
1139 1547 1202 1611 mei
1229 1546 1339 1612 eondi-

169 1648 286 1713 menlis
307 1648 340 1712 id
362 1647 487 1712 efficere
507 1666 648 1729 possum.

211 1773 329 1836 Poen.
353 1771 415 1836 334

320 1871 387 1929 Eho.
405 1887 441 1923 an
457 1869 571 1923 iratast?
593 1870 713 1938 Propitic
732 1870 862 1923 herclest:
878 1868 919 1922 vel
939 1884 988 1936 ego
1008 1885 1055 1938 pro
1074 1869 1120 1921 illa
1140 1869 1258 1937 spondeo

170 1965 258 2048 quod
279 1964 471 2029 vertendum
492 1967 556 2030 esi:
579 1983 693 2045 „wenn
715 1964 759 2028 du
782 1983 816 2027 es
831 1962 1023 2041 wiinschest‚
1045 1962 1148 2043 burge
1169 1961 1221 2026 ich
1244 1981 1339 2042 sogar

169 2065 221 2130 ism
242 2063 316 2129 sie“.

210 2187 310 2253 Rud.
333 2188 395 2252 550
408 2206 477 2269 sqq.

588 2285 659 2339 Perii
678 2287 784 2356 oppido.
806 2316 839 2323 —

321 2372 370 2426 Vel
387 2373 541 2427 consociere
559 2372 623 2425 mihi
642 2373 749 2442 quidem
770 2378 857 2426 tecum
877 2374 955 2427 licet:

323 2459 430 2527 Aequus
448 2460 577 2513 habemus
596 2463 686 2528 partes
706 2476 729 2513 e.
738 2476 763 2528 q.
772 2476 793 2512 s.

170 2568 342 2649 Langenus
381 2569 516 2634 adnotat
552 2590 586 2634 se
622 2572 669 2635 uel
708 2570 770 2635 hoc
807 2569 877 2633 loeo
918 2567 1100 2649 intellegere
1138 2586 1206 2631 non
1244 2586 1338 2648 posse

171 2670 204 2730 et
235 2672 362 2733 mutere
394 2669 534 2733 mavult:
581 2671 628 2734 uel
660 2672 839 2734 consociere
867 2668 924 2732 tibi
955 2669 1080 2754 quidem
1106 2687 1225 2731 mecum
1258 2667 1338 2730 licet.

172 2766 315 2844 Quodsi
337 2767 370 2831 in
393 2768 556 2833 codicibus
576 2772 732 2851 exstaret,
761 2789 839 2833 sane
860 2768 1019 2850 optimum
1048 2771 1139 2832 esset.
1179 2765 1337 2848 Equidem

172 2866 342 2948 acquiesco
363 2867 396 2930 in
418 2887 456 2932 eo
478 2868 565 2950 quod
587 2869 742 2933 traditum
765 2873 813 2932 est
840 2872 872 2932 et
901 2868 1112 2949 interpretor:
1147 2867 1272 2948 „Wenn
1295 2865 1339 2929 du

172 2964 284 3043 willel,
316 2986 412 3031 wenn
443 2968 487 3031 du
516 2968 618 3032 demit
648 2969 894 3032 einversianden
915 2967 995 3044 bist,
1027 2967 1113 3030 kann
1135 2966 1187 3029 ich
1210 2966 1268 3029 mit
1290 2965 1339 3029 dir

172 3063 489 3144 gemeinschaftliche
509 3065 614 3130 Sache
631 3066 800 3130 maehen“.
843 3068 959 3148 Itaque
980 3066 1028 3130 cel
1040 3096 1078 3120 =
1092 3065 1235 3129 colueris.

213 3186 312 3252 Rud.
334 3189 395 3252 565
410 3208 457 3271 sq.

512 3287 570 3351 Qua
589 3292 651 3341 suni
669 3289 756 3341 facie?
777 3319 810 3326 -
829 3289 946 3342 Scitula:

322 3374 371 3426 Vel
390 3390 439 3442 ego
459 3391 547 3428 emere
567 3379 654 3428 utram
672 3377 712 3428 ris
730 3393 848 3444 possum,
866 3377 888 3429 si
908 3377 990 3445 probe
1009 3376 1122 3443 adpotus
1142 3376 1222 3439 siem;

169 3467 217 3531 vel
240 3467 376 3532 alteram
398 3487 570 3549 personam
592 3468 755 3550 appellare
772 3471 940 3533 utramvis
957 3467 1339 3553 apposiloconfirmalur.

212 3590 341 3656 Stich.
363 3590 425 3655 619

323 3690 352 3744 Si
371 3694 428 3742 erte
445 3692 546 3760 poteris
564 3692 701 3745 accubare.
719 3721 752 3728 —
771 3692 820 3746 Vel
838 3693 908 3745 inter
926 3709 1024 3746 cuneos
1042 3693 1149 3746 ferreos,

213 3799 340 3866 Stich.
365 3801 422 3865 lul

323 3901 442 3969 Namque
461 3902 555 3970 edepol
574 3919 653 3970 quam
670 3903 710 3955 vis
731 3903 853 3956 desubito
873 3904 913 3956 vel
932 3902 1014 3956 cadus
1034 3902 1102 3955 vorti
1119 3904 1223 3971 potesi3

131 4025 134 4029 ·
171 3993 294 4075 optimo
318 3993 387 4058 iure
415 3994 468 4058 hic
489 3995 604 4059 iterum
626 3996 857 4061 Petronianum
879 3997 956 4061 illud
985 3996 1120 4060 colueris
1151 4015 1340 4077 comparare

169 4093 261 4170 licel3
285 4097 317 4157 et
338 4094 463 4158 accedit
484 4095 586 4158 altera
606 4114 745 4176 persona
767 4096 800 4159 in
821 4115 917 4177 quom
939 4097 997 4160 vis.
