3030 4838
618 325 825 392 *95-

215 506 282 570 lam
294 524 370 568 vcro
385 510 441 566 aut
456 501 688 567 coniunctionis
703 500 870 584 usurpatio
885 500 986 564 isdem
1002 500 1151 564 cancellis
1165 502 1301 566 circum-

133 605 282 682 cluditur,
305 604 422 687 quibus
441 623 514 667 eam
535 601 672 666 coerceri
689 600 791 665 solere
806 619 902 680 saepe
917 598 981 663 iam
998 598 1299 666 demonstravimus.

133 705 231 769 Cuius
265 724 304 767 ex
337 703 494 767 historicis
526 701 673 782 exempla
706 701 840 765 Peterus
876 700 908 762 in
948 698 1053 762 indice
1089 701 1302 781 comportavit

12 849 19 860 ,
134 804 259 879 omnia,
291 806 456 867 oratorum
479 801 531 864 hic
557 803 734 882 sequuntur
756 800 911 882 appositis
932 799 1136 880 Meyerianae
1157 801 1303 866 editionis

134 904 326 985 paginarum
348 900 505 965 numeris:
535 901 616 964 Caio
638 919 669 981 p.
694 900 735 964 59
756 904 852 975 extr.;
881 899 923 963 64
951 899 1009 974 in.;
1035 899 1111 974 1263
1137 900 1210 975 1443
1235 901 1302 964 145.

135 1001 241 1081 Scipio
274 1000 471 1064 Aemilianus
502 1019 533 1080 p.
559 999 617 1062 179
653 998 696 1063 in.
734 998 874 1063 Fannius
904 1017 934 1079 p.
965 998 1034 1061 901.
1073 997 1108 1062 C.
1141 998 1305 1064 Gracchus

135 1121 165 1182 p.
189 1101 244 1164 931
272 1102 349 1162 extr.
374 1102 405 1161 et
428 1098 488 1162 939
510 1098 569 1172 in.;
592 1097 663 1162 939.

195 1199 282 1263 'Sed
307 1195 358 1261 hic
380 1216 453 1261 cum
484 1197 517 1260 in
546 1195 686 1260 tenebris
712 1194 828 1258 versati
859 1195 972 1273 sinruS,
1002 1195 1033 1257 in
1059 1196 1179 1260 claram
1202 1196 1306 1274 lucem

137 1299 303 1374 intramus,
326 1298 351 1361 si
375 1298 416 1361 ad
435 1295 568 1361 Catonis
583 1294 699 1359 librum
717 1294 757 1357 de
778 1292 973 1374 agricultura
995 1293 1061 1356 sive
1082 1293 1172 1358 dere
1187 1296 1307 1362 rustica

138 1397 350 1478 aggredimur.
402 1395 486 1459 Nam
515 1414 589 1458 cum
624 1394 713 1457 iuxta
745 1391 880 1472 legimus
912 1392 980 1455 c.7
1010 1395 1107 1475 extr:
1139 1395 1211 1458 item
1240 1397 1307 1483 alia

135 1516 251 1580 ponera
270 1516 364 1582 qaam
380 1498 531 1580 piurima
551 1495 646 1557 serito
668 1499 725 1555 ant
746 1490 885 1554 inserite.
927 1489 1019 1556 Olees
1040 1497 1160 1573 cmiter,
1181 1496 1308 1574 posius:

139 1617 192 1660 cae
220 1597 333 1680 optime
360 1596 540 1659 condantur
568 1596 616 1657 ael
644 1592 764 1656 virides
785 1593 818 1654 in
843 1591 949 1653 marie
969 1592 1016 1654 ael
1036 1593 1072 1654 in
1093 1592 1219 1659 lentisco
1238 1616 1310 1659 con-

141 1703 231 1760 tusae
252 1697 299 1758 aei
315 1715 341 1758 e.
355 1715 385 1776 q.
398 1715 422 1758 s.
447 1697 572 1758 etcum
594 1691 818 1772 imperativos,
850 1708 934 1770 quae
957 1690 1058 1754 verbi·
1071 1695 1118 1756 est
1145 1692 1309 1759 tritissima

140 1795 243 1859 forma
270 1795 301 1857 in
335 1794 397 1857 hoc
419 1792 585 1858 doctrinae
616 1790 754 1854 rusticae
782 1787 989 1870 compendia,
1018 1790 1115 1854 modo
1145 1795 1191 1858 ael
1213 1792 1312 1858 inter-

140 1896 245 1976 posito
274 1893 372 1956 modo
401 1897 458 1955 ant
489 1890 638 1970 coniungi
666 1888 812 1952 videmus
841 1906 947 1968 neque
974 1907 1013 1952 ea
1039 1908 1073 1952 re
1094 1909 1222 1954 sensum
1246 1892 1311 1957 ulla

141 1996 265 2057 ratione
293 1992 428 2070 variari,
457 1991 605 2073 quamvis
627 1989 717 2054 inviti
747 1988 923 2053 concedere
952 1988 1106 2055 debemus
1135 1991 1311 2072 particulas

143 2091 287 2155 aemulas
309 2093 374 2156 iam
398 2092 579 2173 promiscue
599 2111 619 2156 a
641 2089 763 2154 Catone
785 2088 942 2170 usurpari.
975 2089 1087 2171 Neque
1101 2091 1165 2155 tale
1181 2091 1310 2172 quidem

144 2190 240 2272 quale
262 2195 366 2256 exstat
388 2210 458 2272 cap.
484 2190 543 2254 160
565 2195 717 2253 ettamen
738 2188 851 2252 cotidie
879 2193 1003 2252 cantato
1023 2190 1059 2252 in
1081 2190 1145 2254 elio
1166 2212 1190 2254 s.
1214 2190 1239 2272 f.
1262 2195 1314 2257 ael

144 2293 268 2365 iunctm
291 2291 337 2354 ael
355 2290 411 2355 hoc
431 2290 521 2353 modo
617 2291 664 2353 cel
685 2288 742 2352 hoc
762 2288 852 2352 modo
945 2288 1090 2353 consulto
1120 2289 1165 2353 sic
1188 2290 1310 2355 dictum

143 2408 211 2452 esse
243 2390 371 2453 credere
397 2407 583 2471 possumuS,
615 2388 672 2452 sed
700 2390 821 2451 temere
842 2388 965 2452 factum
994 2390 1058 2465 est,
1090 2392 1126 2453 ut
1154 2389 1217 2454 hoc
1244 2390 1314 2456 loco

145 2491 191 2551 ael
204 2524 244 2531 -
255 2487 302 2550 ael
324 2491 512 2569 appareret,
537 2487 670 2552 Catonis
691 2487 777 2551 enim
793 2505 972 2551 sermonem
993 2486 1106 2551 eodem
1122 2487 1190 2553 iure
1207 2495 1263 2553 aat
1277 2525 1313 2534 —

148 2593 203 2648 crit
224 2586 389 2651 admisisse
410 2607 599 2670 persuasum
623 2587 737 2650 habeo,
769 2586 919 2649 Ceterum
934 2585 1007 2648 vide
1022 2586 1062 2649 de
1084 2588 1315 2668 particularum

146 2704 206 2749 usu
232 2684 369 2749 indicem
392 2685 557 2751 Keilianae
579 2685 727 2750 editionis
748 2704 851 2767 nuper
872 2683 1019 2748 editum.l

231 2782 352 2847 Eodem
383 2785 481 2849 modo
510 2785 551 2849 dc
573 2784 700 2849 dicendi
721 2803 782 2849 usu
811 2784 843 2846 in
871 2782 1036 2847 rhetoricis
1057 2784 1100 2848 ad
1121 2783 1319 2851 Herennium

146 2901 295 2964 expresso
316 2881 523 2947 iudicandum
541 2903 610 2948 esse
630 2884 735 2964 primo
752 2883 870 2947 obtutu
887 2881 1032 2960 elucebit,
1053 2882 1079 2946 si
1094 2881 1175 2947 haec
1190 2887 1319 2949 tantum

148 2982 294 3064 exempla
314 2982 366 3045 hic
389 3002 492 3064 pono:
514 2984 536 3061 l,
558 2985 606 3061 lp
629 2984 907 3048 demonstrativam
929 2990 981 3061 est,
1006 2983 1089 3062 qaod
1112 2983 1264 3047 tribuitur
1284 2987 1320 3050 in

148 3081 286 3145 aiicaias
308 3088 409 3146 certae
426 3102 582 3166 personae
601 3083 728 3147 landem
757 3084 804 3146 ael
832 3084 1091 3162 vituperationem
1113 3087 1145 3147 et
1170 3085 1322 3150 iudiciale

149 3188 193 3244 est
284 3183 368 3262 qaod
388 3181 479 3246 habet
498 3182 728 3246 accusationem
752 3187 809 3246 nat
828 3183 1009 3264 petitionem
1035 3203 1105 3246 cam
1132 3183 1319 3266 defensione.

148 3280 186 3357 ll,
205 3280 297 3358 9335
313 3282 427 3345 vitiosa
444 3281 526 3345 ratio
543 3286 595 3358 est,
617 3301 697 3365 qaae
713 3280 757 3343 ad
776 3280 998 3364 expositionem
1012 3300 1077 3345 non
1098 3287 1140 3344 est
1153 3303 1322 3346 accommo-

150 3379 225 3442 dato
248 3380 293 3442 cel
309 3387 443 3464 propter
465 3379 681 3462 infirmitatem
701 3383 747 3445 ael
766 3386 895 3464 propter
915 3382 1095 3445 venitatem.
1132 3380 1223 3458 Quae
1246 3383 1324 3446 satis

152 3480 264 3553 eruut,
294 3480 330 3541 ut
357 3498 456 3559 quam
486 3479 583 3562 plane
612 3481 659 3544 ael
680 3482 712 3543 et
733 3485 789 3542 eat
809 3498 843 3542 se
864 3479 896 3542 in
931 3479 1068 3543 eandem
1098 3480 1323 3545 disiunctiram

156 3577 221 3640 vim
245 3576 432 3642 miscuerint
453 3597 695 3660 cognoscamus.

236 3676 357 3756 Legum
393 3697 523 3759 quoque
556 3678 727 3761 reliquiae,
764 3698 846 3761 quas
873 3679 1091 3742 Mommsenus
1123 3677 1155 3741 in
1186 3676 1220 3741 C.
1244 3679 1268 3741 Ι.
1289 3678 1323 3742 L.

152 3775 257 3856 primo
279 3778 367 3838 tomo
390 3775 621 3857 imprimendas
643 3778 785 3854 curavit,
814 3777 927 3840 eodem
950 3778 1047 3841 modo
1068 3782 1205 3858 utraque
1227 3777 1325 3859 parti-

153 3874 224 3936 cula
247 3874 431 3951 utebantur,
454 3873 492 3938 ci.
513 3874 573 3940 No,
596 3876 706 3954 198,79
721 3879 754 3939 et
769 3877 818 3938 86.
840 3876 962 3953 90036.
988 3876 1108 3952 ilaue.
1153 3876 1187 3938 ln
1212 3894 1326 3938 monu-

155 3975 263 4034 mento
285 3976 460 4053 Ancyrano
482 3972 529 4037 vei
551 3975 683 4038 omnino
705 3994 770 4037 non
792 3974 918 4055 legitur.

227 4135 253 4201 1)
273 4137 303 4187 R.
322 4137 504 4204 Krumbiegel,
523 4137 595 4205 Lips.
617 4137 691 4191 1897.
