3030 4838
670 297 878 360 ..16-

175 474 297 557 parata
308 472 513 557 (quinquies),
528 475 620 559 piper
632 474 766 555 (semel),
789 474 1105 558 stamacosetsemel),
1127 477 1204 539 trica
1216 474 1353 558 (semel),

176 573 248 638 tabe
268 572 400 654 (semel),
425 575 518 657 cupio
537 574 673 656 (sexies),
697 596 802 659 vappa
816 574 949 657 (semel),
972 578 1017 639 vel
1040 573 1173 658 (semel),
1195 575 1352 640 uerecund

178 670 321 751 (semel),
353 671 459 734 vincae
486 671 631 754 (semel),
663 673 823 737 pierides
844 671 927 754 (bis).
976 673 1047 737 Huc
1077 673 1202 738 accedit
1229 676 1352 737 tessera

179 767 344 848 quaedam
364 767 458 832 ¹aliter
479 770 635 848 formata,
657 770 706 833 cui
730 770 918 852 inscriptum
941 774 989 834 est
1015 777 1123 834 exorat
1146 771 1197 852 (cf.
1220 771 1240 835 l.
1263 770 1295 835 d.
1315 791 1349 852 p.

177 866 240 930 aad
259 866 393 947 adnot).

258 965 404 1043 Quarum
420 970 613 1030 tesserarum
631 968 672 1031 ad
692 968 990 1050 interpretationem
1010 987 1076 1050 qua
1098 967 1151 1032 via
1165 969 1351 1050 pervenerit

176 1064 373 1144 Huelsenus,
403 1066 557 1130 hocloco
589 1066 704 1131 iterum
734 1072 875 1132 tractare
894 1069 1026 1149 longum
1058 1072 1114 1131 est,
1165 1068 1213 1132 Ne
1232 1069 1348 1148 multa,

177 1166 357 1248 suspicatus
379 1170 442 1243 est,
478 1165 510 1228 id
532 1166 619 1247 quod
642 1168 855 1232 Buechelerus
875 1166 965 1231 haud
986 1167 1054 1231 sine
1077 1168 1219 1231 veritatis
1240 1168 1348 1249 specie

181 1265 301 1329 dictum
325 1285 393 1329 esse
420 1265 578 1343 affirmat,
612 1266 728 1330 harum
752 1271 945 1331 tesserarum
976 1286 1069 1330 usum
1092 1266 1188 1330 fuisse
1215 1268 1247 1330 in
1269 1267 1347 1332 ludo

177 1364 442 1442 latrunculorum,
465 1365 520 1447 qui
536 1365 597 1429 alio
612 1367 742 1430 nomine
758 1367 891 1430 sortasse
906 1386 998 1430 mora
1019 1366 1205 1430 vocabatur.
1237 1366 1347 1431 Cardo

178 1463 262 1527 enim
286 1464 387 1526 totius
408 1463 475 1528 ludi
497 1464 529 1527 in
552 1486 590 1529 ea
612 1486 647 1529 re
667 1467 867 1543 versabatur,
892 1470 927 1529 ut
951 1465 1033 1529 alter
1054 1465 1194 1529 lusorum
1217 1466 1346 1529 tesseris

176 1561 241 1626 suis
262 1563 394 1627 alterius
415 1564 517 1628 calces
539 1565 683 1647 undique
704 1566 867 1629 includere
889 1569 920 1629 et
936 1585 1027 1630 mora
1047 1565 1145 1629 allata
1168 1565 1209 1627 ad
1228 1565 1344 1629 incitas

174 1661 318 1743 redigere
340 1669 520 1729 conaretur.
1272 1684 1276 1691 '

258 1776 352 1853 Quod
374 1778 398 1842 si
421 1778 514 1843 nobis
535 1780 595 1843 has
611 1784 746 1843 tesseras
762 1780 806 1843 ita
823 1777 985 1844 adhibitas
1003 1797 1072 1841 esse
1092 1777 1252 1858 fingimus
1274 1798 1341 1842 non

174 1875 242 1939 sine
265 1877 464 1942 iucunditate
482 1878 704 1959 intellegimus,
727 1878 803 1960 quid
827 1879 886 1942 sibi
907 1877 1129 1958 inscriptiones
1150 1877 1220 1941 illae
1242 1898 1341 1959 supra

173 1980 382 2041 enumeratae
409 1977 516 2041 velint.
565 1978 724 2041 Audimus
750 1978 835 2041 enirn
869 1977 961 2059 quasi
992 1976 1156 2056 dialogum
1186 1976 1339 2054 lusorum,

173 2073 229 2156 qui
251 2095 285 2138 se
306 2076 403 2139 modo
425 2077 625 2140 contumeliis
645 2077 874 2159 insequuntur,
904 2076 1001 2140 modo
1024 2075 1173 2139 laudibus
1195 2077 1339 2152 efferunt,

174 2175 272 2238 modo
301 2175 481 2255 minantur,
510 2177 607 2241 modo
637 2178 857 2242 cohortantur.
914 2175 1105 2257 Saepissime
1135 2175 1267 2238 nomina
1295 2175 1340 2239 le·

173 2276 306 2354 guntur,
329 2275 432 2338 rarius
452 2277 568 2349 verba;
593 2277 631 2340 cf.
654 2277 732 2341 illud
753 2278 807 2339 cia
828 2277 929 2353 rides,
955 2275 1014 2356 fur
1036 2275 1147 2350 redde,
1168 2275 1338 2358 querelosae,

171 2375 325 2452 moraris,
358 2375 485 2454 molest,
520 2382 635 2440 exorat.
680 2377 762 2439 Ecce
793 2376 974 2457 proclamat
1005 2375 1102 2438 etiam
1136 2375 1232 2438 alter:
1273 2376 1345 2438 Vel!

170 2472 277 2537 Mirati
303 2475 573 2557 obstupescimus3
602 2495 679 2540 nam
709 2495 804 2557 quem
834 2475 940 2538 locum
970 2473 1022 2537 hic
1053 2473 1154 2537 habet
1181 2476 1242 2550 rel,
1282 2474 1339 2537 tali

171 2572 347 2637 comitante
369 2578 524 2640 caterva?

255 2688 467 2752 Buechelerus
497 2688 618 2753 confert
646 2707 757 2752 vocem
785 2689 919 2767 peritia,
952 2704 1036 2767 quae
1058 2684 1229 2767 quinquies
1250 2685 1339 2749 inve-

170 2784 276 2864 nitur,
306 2805 411 2868 neque
440 2787 584 2864 dubitat,
606 2787 684 2869 quin
707 2788 754 2850 vel
775 2804 926 2849 mancum
956 2785 996 2848 sit
1024 2788 1056 2849 et
1084 2784 1278 2867 explendum
1305 2786 1339 2849 in

170 2885 266 2949 velox.
316 2885 380 2949 Sed
402 2886 483 2949 haec
505 2886 642 2951 adiectio
671 2885 750 2949 mihi
772 2885 910 2967 speciem
933 2884 1078 2949 veritatis
1099 2905 1179 2967 prae
1199 2905 1233 2948 se
1256 2884 1338 2949 ferre

170 3003 235 3048 non
257 2985 393 3063 videtur,
415 2986 621 3067 nequeenim
640 3004 771 3049 causam
788 2985 939 3049 idoneam
954 2986 1022 3049 viro
1040 2984 1167 3066 egregio
1187 2986 1337 3065 paratam

170 3102 239 3146 esse
269 3102 399 3162 censeo,
431 3104 488 3149 cur
518 3085 699 3167 operarium
731 3085 816 3149 hanc
842 3105 941 3149 unam
973 3106 1012 3149 ex
1044 3083 1193 3149 omnibus
1225 3098 1337 3140 vocem

170 3200 306 3265 eamque
329 3184 472 3268 quinque
484 3184 663 3249 litterarum
680 3184 837 3248 ambitum
860 3205 926 3248 non
944 3184 1150 3248 excedentem
1166 3197 1224 3261 per
1239 3176 1336 3239 talem

170 3280 402 3346 breviationem
425 3283 587 3365 scripsisse
608 3284 735 3348 iudicet.

253 3395 337 3460 Nam
367 3401 499 3478 excepto
519 3399 681 3477 petiaco,
710 3399 797 3480 quod
826 3398 989 3479 quomodo
1019 3393 1268 3474 intellegendum
1299 3392 1339 3455 sit

171 3494 249 3557 mihi
271 3496 443 3560 obscurum
466 3500 528 3575 est,
560 3497 644 3560 duae
665 3501 792 3560 tanturn
819 3515 914 3559 voces
940 3515 1005 3559 non
1027 3495 1121 3576 plene
1144 3491 1339 3574 perscriptae

171 3599 246 3657 sunt
267 3615 372 3677 neque
394 3615 470 3659 vero
492 3595 552 3659 nisi
574 3616 639 3660 una
662 3596 767 3658 littera
789 3597 918 3658 carent:
949 3593 1103 3656 verecund
1126 3595 1157 3655 et
1177 3591 1337 3672 fortunat.

170 3692 264 3770 Quod
286 3713 351 3758 non
367 3698 488 3758 temere
503 3695 623 3758 factum
647 3714 715 3757 esse
736 3694 833 3775 plane
856 3692 976 3766 elucet3
998 3711 1074 3755 nam
1099 3691 1175 3772 quia
1197 3690 1338 3772 spatium

170 3795 219 3857 tot
241 3792 363 3857 litteras
382 3812 484 3875 usque
507 3794 547 3858 ad
570 3793 668 3857 tinem
690 3793 862 3856 inscribere
885 3789 1014 3855 conanti
1033 3789 1211 3865 deficiebat,
1233 3807 1339 3869 neque

169 3911 296 3955 sensum
321 3892 505 3974 perturbari
523 3912 618 3975 posse
639 3911 744 3974 neque
764 3891 823 3954 sibi
846 3889 968 3953 crimini
990 3888 1056 3952 fore
1077 3889 1214 3970 putavit,
1237 3887 1263 3950 si
1286 3907 1339 3950 eu·

169 3994 306 4054 tremam
331 3991 470 4056 litteram
494 3992 685 4057 intercidere
704 3991 831 4054 sineret.
875 3989 982 4066 Quare
1003 3991 1111 4052 autem
1134 3990 1221 4052 celos
1241 3987 1273 4049 in
1294 3987 1339 4049 vel

171 4089 394 4156 abbreviatum
425 4104 494 4155 esse
517 4092 610 4155 nobis
632 4092 816 4181 tingamus?
864 4088 948 4167 Quin
979 4088 1075 4152 etiam
1106 4087 1258 4151 asterisco
1281 4105 1338 4168 ap-
