3030 4838
610 316 814 380 ..77-

116 509 198 571 quos
220 509 331 554 versus
353 490 399 554 ita
420 495 456 556 ut
474 491 625 556 omnibus
640 493 803 557 codicibus
818 493 927 557 traditi
943 496 1019 556 sunt
1033 491 1289 556 conservaverim

117 589 189 671 (nisi
219 593 307 673 quod
339 597 395 655 ant
423 591 559 656 alterum
590 592 622 656 in
652 593 741 656 initio
770 613 881 658 versus
908 597 983 662 ante
1013 592 1140 658 audebit
1160 590 1288 673 exstat),

116 691 264 772 quamvis
290 696 436 773 tempora
465 693 602 756 insuerit
623 697 656 756 et
677 692 804 758 audebit
830 693 914 757 inter
935 712 969 756 se
991 693 1207 774 discrepantia
1228 711 1288 756 nec

116 810 181 854 non
212 795 242 855 et
275 792 441 856 collocatio
469 792 557 856 vocis
580 801 636 857 out
658 793 949 875 Umplenbachium
974 793 1223 869 commoverint,
1253 795 1290 856 ut

117 892 268 955 asterisco
290 893 439 973 apposito
461 894 678 974 corruptelam
699 893 864 958 indicaret.
901 893 994 957 Micio
1012 912 1088 957 vero
1110 893 1202 975 quasi
1221 893 1288 975 ipse

117 1011 150 1055 se
180 993 325 1073 corrigit:
356 994 412 1074 qut
439 994 576 1058 insuerit
604 999 661 1057 aut
689 994 817 1058 audebit
839 993 858 1058 i.
881 1015 906 1059 e.
932 1012 1030 1073 „wer
1046 992 1114 1056 sich
1136 993 1289 1074 gewdhnt

116 1092 175 1156 hat
197 1093 274 1156 oder
297 1130 336 1137 -
358 1094 410 1157 ich
429 1094 494 1157 will
517 1094 605 1157 mich
627 1094 727 1158 lieber
748 1094 891 1158 scharfer
912 1113 948 1157 so
969 1093 1171 1158 ausdrucken
1196 1128 1231 1137 —
1256 1113 1289 1157 es

118 1192 173 1272 (sc.
195 1193 270 1274 jetzt
292 1214 363 1257 zum
386 1197 490 1258 ersten
513 1195 613 1269 Male;
637 1195 725 1277 quod
748 1198 796 1258 est
817 1194 1056 1258 consuetudinis
1078 1191 1287 1272 contrarium)

117 1293 159 1355 im
185 1293 345 1357 Einzellall
368 1315 482 1376 wagen
506 1295 616 1359 wird“.
661 1296 707 1360 De
729 1299 803 1377 part
790 1295 945 1359 ticulae'
936 1315 969 1358 m
990 1294 1054 1358 line
1077 1295 1170 1358 metri
1192 1294 1288 1358 collo·

118 1393 268 1457 catione
260 1414 324 1457 lam
342 1399 392 1459 sat
393 1395 419 1458 is
437 1396 587 1460 convenit
608 1396 638 1476 (c
641 1396 659 1460 l
676 1395 821 1508 Appuhn
842 1396 861 1459 l.
878 1396 908 1460 d
926 1415 958 1476 p
969 1395 1035 1476 77).
1069 1395 1289 1459 Fleckeisenus

118 1493 235 1556 dedit
193 1497 258 1558 tm
281 1494 383 1559 altera
405 1496 479 1561 edit
457 1501 543 1561 trone
565 1496 661 1560 huius
682 1495 778 1560 anni:

270 1618 336 1670 Nam
356 1621 400 1687 qui
420 1621 526 1673 mentiri
545 1624 591 1672 aut
609 1620 701 1672 fallere
719 1619 832 1671 insuerit
850 1622 960 1685 patrem,

271 1706 347 1758 Haud
367 1708 447 1760 dubie
466 1712 540 1761 tanto
560 1708 644 1775 magis
663 1706 772 1759 audebit
791 1709 900 1758 eeteros

160 1824 227 1887 Ad.
250 1825 371 1906 65sqq.

269 1925 302 1976 nt
321 1929 390 1978 errat
409 1925 487 1993 longe
505 1941 564 1978 mea
582 1926 687 1994 quidem
707 1925 848 1989 sententia,

269 2012 320 2074 Qui
337 2012 476 2081 imperium
495 2013 586 2066 credat
604 2013 712 2081 gravius
731 2028 789 2064 esse
810 2015 857 2063 aut
876 2009 1007 2074 stabilius,

269 2100 303 2151 Vi
322 2100 392 2168 quod
411 2099 449 2166 fit,
470 2116 548 2168 quam
567 2100 634 2152 illud
654 2099 723 2168 quod
743 2099 859 2151 amicitia
877 2096 1045 2164 adiungitur;

120 2214 261 2275 ceterum
296 2210 404 2275 confer
438 2211 480 2275 ad
512 2211 598 2275 hanc
630 2209 773 2274 Micionis
797 2207 991 2273 sententiam
1021 2208 1120 2272 verba
1145 2205 1289 2272 Peniculi

119 2311 253 2392 parasiti
268 2311 349 2375 Men.
367 2312 407 2375 79
418 2331 505 2393 sqq:
529 2310 681 2375 Homines
699 2311 837 2394 captivos
854 2309 909 2394 qut
930 2307 1049 2372 catenis
1074 2307 1237 2372 vinciunt.
1250 2356 1287 2385 ..‚

116 2413 214 2476 nimis
235 2411 328 2475 stulte
346 2409 472 2493 faciunt
494 2432 565 2476 mea
583 2411 710 2493 quidem
731 2411 896 2475 sententia.

159 2535 226 2599 Ad.
251 2537 312 2600 789

268 2637 299 2687 Ei
319 2636 391 2701 mihi,
412 2635 475 2702 quid
493 2633 608 2687 faciam?
628 2635 697 2697 Quid
716 2633 813 2702 agam?
832 2631 901 2695 Quid
920 2632 1029 2685 clamem
1049 2633 1096 2683 aut
1115 2630 1230 2699 querar?

200 2849 309 2932 58:
324 2871 394 2933 cap.
415 2853 459 2916 IV
483 2849 502 2932 ἐ
527 2852 580 2916 11:
611 2851 726 2916 eadem
748 2871 798 2916 res
818 2850 879 2915 nisi
900 2849 988 2932 quod
1008 2847 1170 2931 utrimque
1200 2869 1287 2914 com-

116 2953 211 3034 plura
232 2952 332 3017 verba
352 2955 449 3016 stant.

157 3077 280 3141 Andr.
302 3078 337 3140 51
355 3096 424 3158 sqq.

268 3177 335 3229 Nam
353 3177 376 3229 is
395 3180 535 3245 postquam
555 3176 669 3229 excessit
687 3190 720 3228 ex
738 3175 856 3243 ephebis,
875 3173 960 3240 Sosia,
978 3177 1004 3225 et

267 3264 389 3317 Liberius
408 3264 513 3317 vivendi
532 3263 583 3316 fuit
602 3267 772 3331 potestas-
791 3278 852 3314 nam
872 3264 949 3314 antee

269 3348 319 3413 Qui
338 3352 405 3404 scire
424 3367 518 3419 posses
536 3356 582 3403 aut
600 3351 736 3419 ingenium
754 3364 873 3414 noscere,

269 3437 337 3490 Dum
356 3443 429 3492 aetas
448 3441 534 3491 metus
554 3439 679 3506 magister
697 3434 894 3506 prohibebant?
913 3452 935 3487 e.
946 3451 971 3502 q.
982 3449 1003 3486 s.

160 3548 283 3611 Andr.
308 3548 367 3613 196
378 3567 448 3629 sqq.

271 3648 299 3700 Si
321 3664 428 3701 sensero
446 3647 525 3701 bodie
543 3648 684 3716 quicquam
702 3647 730 3699 in
749 3647 790 3699 bis
809 3650 835 3699 te
853 3644 956 3712 nuptiis

272 3735 404 3788 Fallaciae
423 3735 522 3800 conari,
540 3750 592 3803 quo
610 3733 677 3786 fiant
695 3733 791 3798 minus,

271 3824 325 3875 Aut
342 3822 409 3876 velle
427 3823 456 3874 in
475 3838 506 3874 ea
525 3838 552 3874 re
571 3820 684 3887 ostendi,
703 3836 782 3888 quam
801 3819 837 3871 sis
856 3817 969 3871 callidus
988 3834 1010 3871 e.
1021 3834 1045 3886 q.
1055 3833 1075 3870 s

160 3935 282 3999 Andr.
304 3934 366 3998 213
376 3953 424 4015 sq.

269 4034 298 4088 Si
317 4034 438 4099 senserit,
458 4032 525 4100 perii
543 4035 599 4097 aut,
616 4031 639 4083 si
659 4029 771 4082 lubitum
790 4029 879 4095 fuerit,
897 4044 1004 4082 causam
1023 4027 1145 4096 ceperit,v

271 4120 328 4183 Quo
347 4121 404 4173 iure
423 4136 527 4189 quaque
546 4118 643 4171 iniuria
662 4117 833 4186 praecipitem
852 4115 880 4168 in
898 4116 1041 4184 pistrinum
1059 4114 1146 4178 dabit3
