3030 4838
747 277 951 340 ,ῃ-

306 450 427 515 Poen.
451 451 573 535 395sq.

371 547 407 600 Ut
424 552 455 601 111
473 550 536 603 huic
553 551 621 604 irata
639 567 673 604 ne
693 552 739 618 sis,
757 556 813 617 aut,
832 554 854 604 si
874 552 900 604 id
919 552 975 605 fieri
994 568 1048 605 non
1067 557 1164 621 potest,

373 633 471 703 Capias
493 637 583 689 restim
603 653 633 690 ac
652 642 677 690 te
697 638 854 706 suspendas.

308 727 415 792 Pers
439 729 502 793 684
519 749 567 812 sq.

530 824 599 887 Quid
618 828 641 880 ei
660 828 760 879 nummi
780 828 888 880 sciunt?
906 858 939 864 —

371 908 524 963 Cruminam
543 912 612 965 hanc
631 930 716 966 emere
736 919 783 966 aut
800 914 887 966 facere
906 919 936 966 111
957 915 1081 980 remigret
1101 913 1216 966 domum.

308 1002 452 1067 Pseud.
476 1005 537 1068 995

371 1102 438 1155 Nam
458 1109 594 1157 necessest
612 1104 690 1157 hodie
709 1104 816 1173 Sicyoni
837 1121 877 1157 me
896 1121 954 1158 esse
973 1110 1020 1157 aut
1039 1121 1097 1157 cras
1116 1108 1225 1156 mortem
1244 1105 1361 1173 exsequi.

310 1195 429 1260 Truc.
452 1197 513 1261 167
534 1218 582 1280 sq.
606 1196 656 1278 (cf.
679 1197 774 1262 Merc.
799 1197 870 1278 168)

392 1296 469 1349 Nunc
488 1297 553 1349 adeo
572 1298 625 1350 nisi
644 1299 702 1351 abis
721 1301 839 1350 actutum
859 1302 905 1350 aut
924 1298 999 1362 dicis,
1018 1297 1081 1366 quid
1101 1314 1222 1365 quaeras,
1240 1298 1300 1357 cito,

388 1381 443 1435 Iam
462 1383 550 1436 hercle
569 1399 617 1451 ego
636 1384 679 1436 hic
694 1388 721 1436 te
804 1384 918 1453 pedibus
937 1388 1077 1452 proteram.

351 1529 425 1612 §a
467 1532 616 1597 Eiusdem
638 1534 895 1616 significationi5‚
924 1535 949 1598 si
973 1542 1029 1598 out
1050 1535 1113 1599 bis
1133 1533 1325 1615 ponitur,
1354 1531 1440 1595 haec

269 1632 345 1693 sunt
368 1629 532 1712 exempla:

203 1735 207 1742 ·
309 1736 448 1818 Amph.
470 1737 598 1819 rsesq.

391 1835 446 1887 Aut
465 1835 509 1904 pol
529 1836 595 1888 haec
614 1836 812 1904 praestigiatrix
828 1836 911 1889 multo
931 1837 1025 1889 mulier
1042 1841 1191 1889 maxumast

389 1919 445 1972 Aut
463 1924 581 1988 pateram
600 1920 644 1973 hic
662 1920 750 1973 inesse
769 1924 881 1988 oportet.

311 2012 452 2094 Amph.
474 2014 534 2077 887
549 2032 620 2096 sqq.

390 2109 450 2162 Non
469 2110 563 2180 edepol
582 2111 677 2165 faciam
696 2127 782 2180 neque
801 2128 842 2164 me
860 2112 994 2180 perpetiar
1013 2112 1102 2179 probri

390 2192 469 2246 Falso
488 2195 676 2263 insimulatam,
696 2198 760 2265 quin
779 2213 827 2264 ego
846 2197 921 2249 iilum
941 2200 987 2249 aut
1006 2195 1125 2249 deseram

392 2279 448 2331 Aut
464 2280 611 2333 satisfaciet
630 2282 666 2332 mi
683 2281 728 2333 ille
748 2297 803 2349 e.q.
815 2298 836 2334 s.

312 2370 427 2454 Capi.
450 2373 512 2438 381

392 2472 459 2525 Nam
478 2476 555 2540 pater
574 2475 696 2539 expectat
714 2475 760 2524 eut
779 2487 820 2524 me
838 2476 885 2524 aut
903 2471 1017 2539 aliquem
1036 2471 1168 2523 nuntium.

313 2564 468 2714 capriani)
471 2566 526 2714 2h1ic
545 2661 660 2729 quidem,
679 2665 709 2713 111
728 2661 849 2726 adornat,
868 2667 915 2713 aut
933 2661 983 2713 iam
1002 2661 1041 2713 nil
1060 2665 1100 2714 est
1118 2664 1165 2713 aut
1182 2661 1234 2713 iam
1253 2661 1291 2712 nil
1309 2662 1376 2727 erit3

275 2773 373 2835 quam
390 2755 526 2818 eandem
542 2754 714 2817 verborum
730 2754 992 2835 compositionem
1010 2754 1140 2819 exhibet
1157 2758 1187 2818 et
1202 2754 1324 2818 Pacuvi
1337 2774 1367 2819 v.
1384 2756 1448 2821 118

274 2857 330 2914 out
351 2851 402 2916 hie
424 2856 470 2916 est
491 2858 547 2915 out
567 2851 618 2915 iric
640 2851 754 2934 adfore
775 2858 912 2915 actutum
934 2858 1062 2915 amomo
1084 2855 1116 2916 et
1137 2852 1247 2934 Epid.
1271 2852 1332 2916 257

394 2958 461 3011 Nam
480 2958 525 3010 iile
543 2958 649 3026 quidem
666 2964 712 3010 aut
730 2959 782 3011 iam
803 2959 845 3010 hic
864 2959 957 3025 aderit,
976 2959 1053 3012 credo
1072 2959 1168 3025 hercle,
1187 2963 1233 3011 aut
1251 2960 1302 3011 iam
1322 2959 1410 3014 adest.

316 3052 428 3134 Capt.
451 3052 509 3117 981

395 3149 475 3203 Falsa
493 3153 628 3202 memorat.
646 3177 679 3186 ·-
698 3149 753 3201 Aut
772 3165 820 3217 ego
839 3152 886 3203 eut
904 3153 942 3202 tu.

316 3245 415 3309 Men.
437 3243 498 3308 373

397 3339 474 3394 Certo
495 3341 560 3394 haec
577 3339 672 3392 mulier
690 3342 736 3391 aut
754 3339 850 3392 insane
868 3343 915 3392 aut
933 3340 1040 3393 ebriast.

318 3436 415 3501 Men.
439 3434 517 3499 1087

400 3533 457 3586 illic
476 3533 553 3585 homo
574 3536 620 3585 aut
639 3531 804 3600 sycophanta
823 3535 869 3583 aut
886 3533 1007 3599 geminus
1027 3536 1067 3585 est
1085 3533 1167 3585 frater
1185 3538 1253 3586 tuos.

318 3628 434 3692 Mero.
457 3626 580 3708 861311.

398 3727 458 3779 Non
477 3725 618 3778 concedam
638 3739 724 3791 neque
743 3724 875 3791 quiescam
895 3739 1007 3790 usquam
1027 3728 1108 3776 noctu
1127 3741 1212 3792 neque
1231 3723 1291 3776 dius

398 3812 476 3864 Prius
495 3808 613 3879 profecto
633 3824 711 3875 quem
730 3811 776 3860 aut
795 3808 904 3859 amicam
924 3811 971 3859 out
990 3812 1098 3860 mortem
1116 3809 1318 3876 investigavero

320 3905 396 3968 Mil.
422 3906 501 3968 1068
519 3923 568 3985 sq.

579 3998 650 4061 Quin
667 4002 697 4049 tu
716 3998 777 4050 huic
796 3998 941 4064 respondes
960 3999 1059 4066 aliquid

402 4087 457 4139 Aut
475 4087 605 4138 facturum
626 4091 672 4139 aut
691 4101 745 4138 nou
763 4084 912 4136 facturum?
