3030 4838
617 313 823 376 ..11-

133 491 266 555 tentiam
285 512 376 557 suam
400 492 605 575 comprobet,
629 491 741 556 codem
764 492 910 575 exemplo
932 511 1008 556 usus
1031 494 1095 566 est3
1123 491 1307 557 Priscianus

134 592 244 674 (supra
265 612 297 674 p.
320 592 352 673 2)
381 593 559 676 legitimum
581 612 649 658 esse
669 593 763 658 dicit:
785 593 831 658 vel
852 594 919 658 dies
940 600 983 656 est
1003 593 1051 657 ccl
1071 612 1151 669 coc,
1177 592 1306 658 Verrius

132 693 240 775 potius
261 694 320 758 ita:
352 701 408 759 cut
430 695 496 759 dies
516 701 561 758 est
582 700 638 758 ont
658 714 730 758 nox.
782 694 862 759 Uter
889 713 910 758 a
939 693 1086 775 partibus
1108 693 1305 776 optimorum

133 799 301 859 auctorum
323 798 395 873 stet,
418 794 603 859 examinare
620 814 896 876 supervacaneum
916 797 972 859 est.
1005 793 1089 858 Sane
1105 794 1236 876 quidem
1252 814 1306 858 ex·

134 895 227 976 iguae
250 895 342 960 Verri
368 895 522 977 reliquiae
543 895 702 960 sinceram
724 899 756 960 el
777 895 913 978 probam
936 893 1126 959 latinitatem
1149 894 1304 959 redolent.

214 1153 259 1227 11.
300 1153 363 1226 De
386 1165 462 1224 aut
483 1156 524 1224 et
544 1160 607 1224 cel
628 1152 924 1244 particularum
950 1152 1214 1245 etymologia.

217 1297 284 1359 Act
305 1295 498 1377 particulam
520 1314 586 1359 non
608 1294 709 1358 solum
734 1295 821 1376 apud
843 1294 1011 1359 Romanos
1033 1294 1222 1373 invenimus
1249 1295 1306 1359 sed

133 1395 205 1459 Osci
227 1396 320 1460 nobis
338 1397 403 1459 acti
414 1395 536 1473 velavt,
558 1394 671 1459 Umbri
691 1402 735 1459 ote
746 1395 795 1460 vel
808 1401 860 1459 ote
874 1395 1032 1477 praebent
1055 1395 1305 1476 (etBuecheleri

132 1496 192 1561 lex.
206 1497 275 1560 Ital.
295 1517 325 1577 p.
339 1495 408 1577 VI).
442 1495 510 1560 tin
531 1495 595 1559 fine
614 1495 700 1559 vocis
712 1495 785 1560 Osci
806 1495 925 1578 partim
945 1500 1164 1572 servaverunt,
1186 1495 1305 1579 partim

135 1597 417 1675 oblitteraverunt,
449 1595 495 1660 ita
517 1600 553 1660 ut
574 1595 710 1660 Bantiae
739 1615 823 1678 quae
856 1596 901 1660 sic
931 1599 1022 1661 ortae
1053 1600 1129 1662 sunt
1160 1596 1307 1661 diversae

136 1697 258 1761 formae
280 1696 500 1761 disiunctionis
522 1695 655 1760 diversis
676 1696 860 1760 notionibus
882 1697 1122 1779 responderent,
1146 1716 1220 1761 cum
1242 1698 1308 1761 auti

134 1798 166 1861 id
188 1798 276 1879 quod
300 1797 433 1863 latinum
457 1804 528 1879 out,
552 1803 604 1860 avt
624 1797 712 1879 quod
734 1803 853 1874 ouum,
876 1804 910 1860 ot
938 1796 1141 1878 significaret.
1186 1796 1306 1863 Contra

135 1898 280 1980 Capuani
303 1905 355 1961 ort
377 1896 479 1961 solum
502 1897 713 1979 usurpabant,
738 1898 826 1981 quod
848 1902 880 1962 et
901 1918 961 1980 pro
982 1904 1039 1961 aot
1059 1902 1091 1962 et
1111 1918 1171 1981 pro
1193 1904 1306 1976 cutem,

135 2005 168 2062 at
196 2018 316 2080 ponere
342 1998 497 2063 solebant.
538 1998 631 2077 Quod
661 2018 737 2062 vero
768 1998 811 2063 ad
839 2004 962 2064 ceteras
983 1997 1139 2064 Oscorum
1162 1999 1307 2064 civitates

136 2100 262 2176 attinet,
286 2103 498 2163 monumenta
519 2098 612 2162 nobis
633 2119 698 2163 non
720 2099 779 2163 nisi
799 2107 851 2163 aot
872 2100 1034 2178 exhibent,
1056 2099 1101 2164 ita
1121 2103 1157 2165 ut
1179 2119 1306 2181 semper

135 2205 250 2281 cutem,
274 2206 307 2263 ut
328 2199 494 2281 significet.
539 2199 684 2282 Denique
706 2199 901 2265 Umbrorum
924 2201 1082 2282 particula
1104 2199 1163 2265 fuit
1184 2207 1236 2264 ute
1257 2200 1306 2265 vel

135 2307 195 2378 otc,
225 2300 257 2367 in
288 2320 354 2382 qua
382 2321 397 2363 e
424 2299 530 2364 littera
559 2299 603 2363 sic
626 2298 818 2382 explicatur,
849 2304 885 2366 ut
907 2321 946 2364 ex
966 2303 979 2364 i
1000 2304 1168 2365 attenuata
1190 2301 1230 2364 sit
1252 2300 1304 2379 (ct.

133 2421 162 2464 v.
184 2400 317 2478 Planta,
349 2400 491 2465 Gramm.
523 2400 553 2464 d.
583 2400 770 2465 osk.·umbr.
793 2401 936 2466 Dialelrte
962 2403 993 2466 ΙΙ
1022 2421 1053 2483 p.
1080 2400 1164 2481 465).
1214 2400 1305 2479 Quae

133 2521 207 2565 cum
238 2501 283 2565 ita
310 2502 390 2579 sint,
421 2500 611 2566 concludere
636 2501 710 2565 licet
732 2521 844 2566 vocem
873 2502 960 2567 hanc
982 2500 1135 2567 Italorum
1157 2500 1306 2581 gentibus

66 2614 81 2637 ³
134 2621 338 2666 communem
362 2602 466 2678 fuisse,
488 2621 588 2684 quam
609 2601 745 2684 quisque
767 2603 883 2667 deinde
905 2623 1010 2668 sermo
1031 2602 1182 2684 propriae
1203 2621 1306 2666 enun-

132 2701 234 2766 tiandi
258 2702 481 2766 consuetudini
504 2702 772 2767 accommodavit.

215 2802 262 2867 De
291 2802 484 2885 etymologia
514 2802 609 2867 huius
637 2803 814 2885 particulae
841 2802 931 2868 haud
959 2802 1044 2868 male
1064 2802 1305 2868 Lindemannus

133 2901 173 2966 de
191 2902 321 2967 adverb.
338 2904 385 2967 ΙΙΙ
407 2922 437 2984 p.
450 2904 480 2981 8,
501 2922 598 2986 quern
621 2904 699 2968 citat
712 2902 733 2984 ¹)
756 2903 904 2968 Handius
925 2903 959 2969 in
980 2903 1148 2969 Turselino
1162 2903 1175 2967 l
1190 2923 1220 2986 p.
1232 2903 1304 2983 525,

134 3002 179 3067 ita
201 3002 393 3084 disputavit:

217 3111 291 3168 »out
309 3105 483 3184 cognatum
502 3105 549 3167 est
565 3121 639 3166 curn
656 3103 814 3184 particula
832 3108 937 3168 autem
955 3104 1192 3187 respondetque
1207 3103 1304 3170 Grae·

136 3223 246 3269 corum
261 3193 305 3266 αὖ
320 3209 352 3268 et
367 3193 455 3268 αῧτε.
492 3202 626 3285 Proprie
643 3203 740 3284 igitur
756 3209 812 3266 out
825 3208 857 3267 et
871 3210 974 3268 autem
990 3203 1149 3285 significat
1163 3225 1303 3282 rursum,

132 3305 255 3380 iterum,
284 3305 372 3387 quod
394 3303 558 3387 quomodo
581 3303 754 3368 cohaereat
778 3323 852 3368 cum
873 3304 926 3370 illa
950 3304 1141 3370 disiunctiva
1163 3305 1304 3383 notione,

133 3424 218 3485 quae
239 3405 322 3469 inest
343 3405 522 3487 particulae
544 3412 610 3483 aot,
633 3409 665 3468 et
687 3404 741 3468 illa
756 3405 945 3487 oppositiva,
969 3405 1302 3488 quamhabetautem,

133 3505 160 3568 ei
192 3525 257 3569 non
287 3506 403 3569 mirum
434 3505 611 3583 videbitur,
644 3504 699 3588 qui
725 3506 939 3588 reputaverit,
969 3507 1095 3588 quoties
1116 3507 1304 3571 Latinorum

135 3612 190 3668 out
220 3605 285 3668 vim
313 3605 435 3670 habeat
461 3605 693 3688 oppositivam,
724 3607 848 3688 quoties
870 3606 1066 3671 Graecorum
1094 3596 1138 3670 ad
1160 3612 1192 3671 et
1216 3607 1246 3668 δ’
1262 3597 1306 3672 αὖ

132 3725 191 3787 pro
216 3711 337 3783 cotem,
361 3727 433 3770 vero
462 3706 604 3784 dicatur,
633 3709 665 3770 et
694 3710 895 3790 quantopere
925 3711 957 3772 et
983 3708 1087 3773 forma
1114 3712 1146 3773 et
1174 3709 1304 3774 notione

132 3806 303 3869 coniuncta
324 3806 387 3869 sint
408 3806 643 3870 Germanorum
666 3807 782 3870 wieder
802 3811 834 3871 et
855 3808 982 3872 widem

203 3953 228 4019 1)
245 3952 342 4005 Handii
361 3953 403 4004 bis
423 3953 455 4005 de
473 3954 561 4006 vorbis
579 3954 707 4008 iudicium
727 3959 753 4007 et
775 3955 861 4008 eiust
887 3957 1090 4025 paragogicum,
1115 3956 1185 4024 quod
1210 3958 1305 4010 statuit

131 4054 242 4108 graecae
260 4039 359 4091 formae
379 4025 415 4091 αῧ
432 4040 551 4092 additum
570 4057 636 4108 esse,
661 4043 746 4095 itaut
764 4049 810 4095 out
828 4047 947 4096 exortum
967 4045 1010 4104 sit,
1029 4044 1072 4097 hic
1090 4044 1208 4096 indicare
1226 4061 1305 4112 quam

130 4131 249 4196 repetere
267 4126 345 4180 malo.
