3030 4838
662 234 912 337 -ra-¹

211 451 368 515 Phorm.
392 449 454 513 til
465 469 511 532 sq.

390 538 447 617 lim,
466 566 538 603 nunc
556 551 643 619 ipsust
664 566 732 618 opus
750 566 792 617 ea,
811 553 866 617 aut,
884 551 972 619 siquid
993 557 1091 620 potest,

306 635 415 690 Meliore
433 640 460 690 et
479 636 623 691 callidiore.

208 731 367 795 Ph'orm.
389 730 448 794 271

307 830 347 882 Ex
366 847 418 898 qua
436 846 464 883 re
482 831 570 883 minus
589 831 627 883 rei
646 831 714 883 foret
733 833 780 882 aut
797 830 883 883 famae
903 835 1110 900 temperans

98 985 102 991 .
210 922 368 987 Phorm.
388 923 450 987 275
463 942 532 1005 sqq.

481 1027 592 1077 nostran
612 1023 691 1092 culpa
709 1027 766 1076 east
785 1039 820 1076 an
837 1023 964 1089 iudicum,

308 1109 359 1173 Qui
377 1126 457 1180 saepe
475 1113 584 1179 propter
601 1110 728 1163 invidiam
747 1110 867 1162 adimunt
885 1110 961 1162 diviti

307 1197 363 1250 Aut
380 1201 489 1265 propter
507 1197 714 1250 misericordiam
732 1197 835 1249 addunt
853 1197 983 1265 pauperi?

211 1291 370 1355 Phorm.
393 1291 512 1373 735sq.

308 1391 384 1445 Certo
403 1390 512 1461 edepol,
539 1392 593 1444 nisi
617 1407 658 1444 me
685 1391 789 1443 animus
813 1390 883 1443 fallit
901 1399 947 1443 aut
966 1407 1059 1457 parum
1078 1389 1245 1458 prospiciunt
1263 1389 1343 1456 oculi,

306 1479 380 1531 Meae
398 1478 528 1532 nutricem
547 1483 645 1547 gnatae
661 1478 747 1531 video.

210 1571 303 1636 Hcc.
324 1571 383 1634 421

308 1671 370 1724 Dies
389 1671 499 1740 triginta
517 1676 564 1724 aut
581 1672 643 1740 plus
662 1687 692 1724 eo
711 1671 740 1723 in
758 1671 820 1723 navi
838 1670 886 1723 fui.

210 1763 301 1828 Hec.
324 1764 386 1828 550
397 1782 445 1846 sq.

307 1863 414 1917 Audisti
433 1880 466 1917 ex
484 1864 573 1932 aliquo
592 1864 714 1930 fortasse,
733 1863 778 1931 qui
797 1862 895 1916 vidisse
914 1879 974 1915 eum
994 1862 1093 1917 diceret

309 1951 455 2004 Exeuntem
475 1955 521 2004 aut
539 1952 609 2003 iutro
628 1954 734 2002 euntem
753 1949 786 2002 ad
805 1951 925 2003 amicam.
961 2002 964 2007 ,

211 2043 280 2109 Ad.
299 2044 361 2109 349

408 2160 494 2213 neque
513 2160 567 2196 rem
586 2143 667 2196 ullam
686 2143 869 2196 intercessisse
887 2142 933 2195 illa
951 2145 997 2195 aut
1016 2159 1057 2194 me
1075 2141 1220 2210 indignam.

210 2237 279 2303 Ad.
303 2238 365 2302 708

316 2337 344 2391 Si
363 2338 445 2390 irater
463 2340 510 2389 aut
529 2336 628 2390 sodalis
647 2340 726 2403 esset,
745 2337 790 2404 qui
809 2337 892 2405 magis
912 2352 1009 2389 morem
1029 2335 1151 2403 gereret?

251 2503 271 2590 ξ
292 2502 368 2569 5-·
382 2523 452 2586 cap.
475 2503 516 2567 lV
534 2503 553 2587 ἕ
569 2503 605 2568 5:
628 2504 742 2568 eadem
764 2523 823 2582 ree,
846 2502 872 2567 si
892 2509 949 2567 aut
969 2503 1098 2584 saepius
1118 2502 1257 2584 ponitur.

210 2611 334 2676 Andr.
355 2611 472 2692 333sq.

389 2710 467 2764 Nunc
483 2709 571 2780 siquid
590 2713 666 2778 potes
685 2714 732 2762 aut
750 2714 781 2762 tu
800 2714 846 2763 aut
864 2711 908 2764 hic
925 2710 1029 2779 Byrria,

306 2797 396 2852 Facite
414 2797 507 2866 fingite
526 2813 549 2851 e.
560 2814 585 2865 q.
596 2813 633 2862 s.;

169 2890 196 2954 si
216 2890 403 2955 Plautinum
435 2910 529 2955 usum
561 2890 711 2974 prolege
737 2889 945 2969 adhibemuS,
977 2892 1026 2956 cel
1052 2889 1105 2954 hic
1130 2890 1217 2954 nullo
1245 2890 1343 2955 modo

169 2994 256 3056 stare
277 2994 402 3074 posset,
433 3011 511 3056 nam
533 2991 639 3072 agitur
660 2990 700 3054 de
722 3009 761 3054 ea
783 2991 987 3072 quaestione,
1021 3011 1098 3055 num
1123 2990 1202 3072 quid
1222 2989 1344 3072 fingere

171 3091 303 3173 possint,
325 3111 390 3156 non
414 3091 454 3156 de
477 3111 526 3170 ea,
548 3110 627 3155 num
644 3091 752 3155 velint.

211 3198 356 3263 Heaut.
378 3199 419 3263 86

309 3300 365 3352 Aut
384 3298 546 3352 consolando
565 3301 612 3350 aut
630 3297 741 3351 consilio
761 3301 807 3349 aut
826 3313 854 3350 re
872 3298 977 3363 iuvero;

170 3391 209 3455 cf.
235 3391 351 3456 Pseud.
377 3392 415 3457 19
433 3390 547 3456 iuvabo
569 3397 625 3455 aut
645 3411 680 3454 re
703 3397 760 3454 aut
781 3411 877 3475 opera
896 3397 951 3455 aut
970 3391 1102 3455 consilio
1125 3391 1211 3456 boue.

210 3497 404 3580 Adfflm

312 3597 393 3664 Uxor,
412 3598 435 3650 si
455 3613 551 3662 cosses,
571 3600 618 3649 aut
635 3601 662 3649 te
681 3613 769 3650 amare
788 3597 888 3665 cogitat

310 3686 366 3737 Aut
383 3689 437 3737 tete
456 3685 539 3737 amari
557 3688 604 3736 aut
622 3688 714 3752 potare
734 3688 813 3753 atque
831 3685 918 3738 auimo
938 3685 1062 3752 obsequi;

169 3778 233 3844 hoc
253 3778 323 3843 loco
343 3778 370 3842 si
392 3783 743 3862 aot-aut-cut-otque
765 3779 847 3842 inter
869 3798 902 3841 se
924 3776 1133 3859 respondent,
1155 3776 1201 3839 ita
1223 3773 1344 3839 intelle·

171 3879 312 3962 gendum
342 3884 407 3958 est,
437 3882 472 3943 ut
494 3879 600 3944 animo
621 3878 747 3963 obsequi
773 3877 817 3942 ad
836 3879 899 3942 tria
920 3897 1005 3960 quae
1027 3877 1222 3941 antecedunt
1244 3874 1345 3939 verba

171 3979 312 4062 (amore,
346 3980 470 4059 amam,
500 3978 626 4063 potore)
665 3978 823 4060 respiciat.
875 3979 1097 4060 Supplendum
1136 3977 1218 4040 fere:
1254 3981 1346 4062 utque

171 4099 308 4146 omncno.
