3030 4838
603 375 786 438 ..3-

110 555 157 617 uel
171 554 263 633 dnos,
285 551 368 632 qnod
384 557 427 613 est
447 551 679 615 disiunctionm.
712 552 883 617 Invenitur
899 559 1003 616 tomen
1023 553 1087 631 ¹uel’
1107 557 1282 624 coniunctio

110 655 203 717 eliam
225 654 468 718 deminutionem
490 652 684 736 sipniricons,
707 660 743 716 ut
764 654 917 718 Lucanus
939 655 973 718 in
1000 653 1074 718 VII
1091 655 1133 737 (v.
1156 657 1207 733 29)

386 771 407 822 0
423 771 500 837 felin,
518 769 544 821 si
563 777 587 822 te
606 771 647 823 uei
664 772 704 822 ric
721 779 768 825 tna
785 773 871 824 Romu
888 773 996 826 uideret.

193 876 290 940 Prisc.
313 876 407 953 XVII,
422 877 456 939 11
483 874 526 957 (p.
552 874 640 957 114):
671 874 913 942 Coniunctiones
941 898 1062 963 qnoque
1088 884 1283 966 copulativae

111 984 138 1040 n
160 978 368 1040 disiunctione
389 996 453 1040 esse
471 977 679 1041 dinoscuntur
700 977 739 1041 ah
757 979 833 1043 aliis
850 980 1001 1062 partibus
1016 983 1180 1064 orationis,
1203 1006 1284 1066 auae

112 1080 155 1141 eis
175 1079 346 1157 sociantur,
368 1083 402 1139 ul
423 1076 488 1156 (oei,
511 1076 575 1140 aut'
595 1098 659 1141 non
680 1078 783 1142 solnm
804 1078 1024 1161 disiunctione,
1046 1082 1212 1148 sedetiam
1233 1106 1283 1150 co·

109 1178 271 1262 pulntioae
290 1179 505 1262 reperiuntur,
526 1184 561 1241 ul
583 1177 750 1243 Terentius
771 1181 807 1243 in
828 1178 984 1244 Eunucho
1007 1181 1221 1268 (111‚1‚7sq.)

583 1297 623 1349 acl
641 1313 693 1350 rex
710 1314 814 1364 semper
831 1299 966 1350 monimus

334 1383 407 1435 Mihi
423 1384 532 1451 pretias
552 1384 644 1450 upebat
661 1385 788 1453 quicquid
804 1385 939 1451 feceram·
955 1386 1021 1438 aliis
1037 1403 1092 1440 nou
1109 1389 1172 1440 item

111 1509 170 1568 pro
192 1496 230 1568 ‘et
252 1488 325 1552 ren‘.
377 1489 533 1572 Verpilius
560 1490 593 1553 in
613 1488 670 1554 IV
688 1489 845 1554 Aeneidos
869 1490 910 1571 (v.
933 1490 986 1572 bh)

334 1609 392 1660 Aut
408 1614 471 1660 ante
489 1623 539 1660 orn
557 1609 635 1661 deum
646 1610 763 1676 pinpnis
779 1609 917 1676 spatiatur
934 1610 970 1661 nd
987 1626 1055 1662 aros

112 1694 185 1775 ‘aut'
203 1717 265 1779 pro
286 1695 340 1775 (π’.

194 1796 294 1859 Prisc.
316 1796 386 1874 XV,
402 1796 438 1860 18
462 1794 505 1877 (p.
530 1793 600 1875 rb:
624 1795 666 1859 In
687 1796 824 1880 lpauca
841 1797 1068 1862 inueniuntur:
1088 1799 1200 1881 (semel,
1217 1799 1284 1884 pol,

112 1895 238 1976 edepol'.
288 1898 353 1977 ‘uel'
373 1899 468 1960 etiam
491 1897 666 1961 coniunctio
695 1918 754 1976 pro
775 1897 885 1976 ‘ualde'
912 1896 1094 1980 frequenter
1113 1900 1284 1965 invenitur.

114 1997 221 2062 Cicero
242 2019 301 2077 pro
322 1997 461 2061 Murena
484 1995 627 2078 (14,31):
651 1997 697 2061 vel
719 2000 894 2061 neonimnm
915 1999 1029 2064 bellum
1045 2003 1201 2086 populum
1222 2000 1286 2065 Ro·

113 2119 244 2161 nmnnm
266 2119 335 2161 cum
356 2118 425 2180 repe
447 2097 599 2161 Antiocho
619 2099 757 2182 pessisse.

195 2199 292 2262 Prisc.
305 2198 374 2275 XV,
386 2200 426 2262 39
439 2196 481 2279 (p.
497 2196 570 2278 89):
590 2196 853 2279 bononnesium
869 2205 920 2278 est,
937 2198 1020 2284 quod
1034 2201 1141 2282 aptius
1160 2199 1285 2284 quidem

113 2304 355 2382 praeponuntur
365 2297 421 2378 (so.
438 2295 612 2378 adverbia),
634 2298 785 2383 quomodo
800 2299 954 2362 adiection
969 2301 1108 2378 nomina,
1131 2306 1166 2363 ul
1176 2299 1285 2380 ‘honus

114 2400 203 2463 homo
224 2400 298 2463 bene
321 2400 397 2478 opit,
417 2398 514 2480 fortis
544 2399 716 2483 imperator
733 2397 859 2481 sortiter
879 2399 1022 2484 pupnat'.
1073 2398 1160 2464 Licet
1181 2406 1286 2464 lamen

113 2507 179 2564 tam
201 2499 278 2563 haee
299 2519 394 2584 qnam
414 2500 471 2563 illo
487 2506 691 2584 praepostere
709 2499 871 2582 proferre,
901 2501 1034 2585 euceplis
1062 2501 1286 2583 monosyllabis

114 2601 236 2685 quidem
260 2600 421 2678 omnibns,
451 2606 485 2663 ut
506 2620 588 2680 cnon,
611 2620 658 2679 ne,
680 2601 773 2678 dum,
797 2600 1081 2686 contemporali,
1103 2601 1183 2687 ‘per’
1203 2602 1286 2682 quod

114 2701 298 2765 adverbium
321 2707 373 2778 est,
395 2701 523 2785 quando
547 2699 794 2783 officinationem
815 2701 982 2784 sipuificat,
1002 2703 1082 2766 sicut
1097 2702 1190 2766 etiam
1210 2703 1285 2784 pel,

115 2823 184 2867 cnm
203 2823 263 2884 pro
285 2800 394 2881 ¹ualde‘
412 2802 551 2885 ponitur.

197 2902 294 2966 Prisc.
326 2901 411 2980 XVI,
426 2903 465 2966 10
494 2901 538 2983 (p.
559 2900 629 2982 99):
659 2901 712 2982 tat’
740 2922 860 2986 quoque
885 2922 946 2986 pro
967 2901 1096 2982 tsaltem’
1117 2908 1144 2966 et
1164 2903 1229 2984 ‘uel'
1260 2911 1288 2968 et

114 3003 188 3084 ‘aul’
208 3004 379 3067 inuenitur.
484 3009 512 3066 et
531 3003 571 3083 (si
596 3023 660 3067 non
688 3003 735 3066 uis
756 3003 908 3080 ediscere,
937 3001 986 3067 uel
999 3000 1022 3084 ¹)
1051 3004 1200 3085 intellepe’
1224 3026 1288 3090 pro

114 3103 233 3184 (saltem
262 3103 427 3184 inlellepe’3
456 3103 602 3166 simililer
629 3103 668 3182 tsi
696 3123 760 3166 non
786 3102 883 3185 factis
911 3103 1048 3167 debitum
1076 3104 1201 3183 reddis,
1232 3113 1289 3170 aut

115 3205 219 3267 uerbis
241 3224 298 3285 ape
315 3203 450 3288 protins‘
465 3223 527 3287 pro
548 3203 669 3285 <saltem
691 3203 811 3267 uerbis’.

198 3305 296 3368 Prisc.
320 3304 438 3381 XVIII,
453 3305 508 3368 171
534 3303 577 3386 (p.
594 3301 685 3385 ism:
706 3307 741 3383 γὲ
764 3304 1010 3368 coniunctionem
1032 3304 1083 3369 illi
1105 3311 1133 3369 et
1145 3328 1208 3391 pro
1226 3307 1289 3388 poia

117 3412 143 3468 et
162 3426 221 3488 pro
247 3408 324 3485 γοῦν
342 3411 481 3489 ponunt,
510 3404 662 3486 quomodo
685 3409 713 3468 ct
734 3424 792 3468 nos
809 3404 860 3484 ‘al'
882 3411 909 3469 et
929 3403 996 3484 ‘uel’
1020 3410 1048 3468 et
1069 3405 1143 3484 ‘ont'
1158 3428 1221 3491 pro
1244 3407 1290 3488 ‘et’

117 3513 144 3569 et
156 3527 218 3590 pro
237 3505 381 3586 „saltem'3
403 3505 468 3586 ‘uel‘
488 3511 595 3569 nutem
616 3505 712 3568 etiam
730 3523 790 3589 pro
811 3504 921 3585 ‘ualde'
942 3506 1112 3569 inuenitur.

199 3607 234 3670 In
257 3606 495 3683 additamento,
518 3605 604 3688 quod
627 3604 721 3668 multi
743 3605 868 3669 codices
888 3609 964 3670 anIe
985 3604 1057 3668 libri
1079 3606 1194 3670 decimi
1216 3626 1289 3689 sep·

118 3708 186 3772 limi
209 3706 373 3770 exordium
398 3706 550 3770 exhibent
572 3703 615 3787 (p.
640 3705 729 3785 107):

200 3815 234 3872 ut
256 3806 320 3888 toel’
337 3827 399 3891 pro
419 3806 527 3886 (uelut.
571 3806 727 3869 Horatius
748 3805 784 3868 in
807 3803 852 3867 ΙΙ
868 3825 1050 3868 sermonum
1072 3804 1165 3886 (829
1178 3805 1239 3888 sq.)

378 3926 411 3977 Ut
428 3925 468 3977 uel
485 3924 610 3977 continua
622 3922 716 3990 patuit
733 3940 792 3975 cum
807 3924 931 3990 passeris
950 3930 1027 3989 atquc

374 4013 518 4080 Inpustota
537 4011 606 4063 mihi
622 4011 782 4078 porrexerit
799 4011 850 4062 ilia
868 4010 974 4062 rhombi

190 4173 216 4240 l)
235 4173 274 4226 Cf.
293 4173 363 4226 inira
381 4191 407 4242 p.
422 4173 447 4226 9.
