<?xml version="1.0" encoding="UTF-8"?>
<!DOCTYPE html PUBLIC "-//W3C//DTD XHTML 1.0 Transitional//EN"
    "http://www.w3.org/TR/xhtml1/DTD/xhtml1-transitional.dtd">
<html xmlns="http://www.w3.org/1999/xhtml" xml:lang="en" lang="en">
 <head>
  <title>
</title>
<meta http-equiv="Content-Type" content="text/html;charset=utf-8" />
  <meta name='ocr-system' content='tesseract 3.04.00' />
  <meta name='ocr-capabilities' content='ocr_page ocr_carea ocr_par ocr_line ocrx_word'/>
</head>
<body>
  <div class='ocr_page' id='page_1' title='image "./develimperativo00kohlgoog_0074.png"; bbox 0 0 3030 4838; ppageno 0'>
   <div class='ocr_carea' id='block_1_1' title="bbox 648 311 854 375">
    <p class='ocr_par' dir='ltr' id='par_1_1' title="bbox 648 311 854 375">
     <span class='ocr_line' id='line_1_1' title="bbox 648 311 854 375; baseline 0.01 -20"><span class='ocrx_word' id='word_1_1' title='bbox 648 311 854 375; x_wconf 71' lang='lat'>„55-</span> 
     </span>
    </p>
   </div>
   <div class='ocr_carea' id='block_1_2' title="bbox 235 488 1016 643">
    <p class='ocr_par' dir='ltr' id='par_1_2' title="bbox 235 488 1016 643">
     <span class='ocr_line' id='line_1_2' title="bbox 321 488 1016 558; baseline -0.006 -14"><span class='ocrx_word' id='word_1_2' title='bbox 321 491 401 544; x_wconf 91' lang='lat' dir='ltr'>Velut</span> <span class='ocrx_word' id='word_1_3' title='bbox 419 505 467 558; x_wconf 85' lang='lat' dir='ltr'>ego</span> <span class='ocrx_word' id='word_1_4' title='bbox 486 490 536 542; x_wconf 81' lang='lat' dir='ltr'>hae</span> <span class='ocrx_word' id='word_1_5' title='bbox 553 492 631 542; x_wconf 85' lang='lat' dir='ltr'>noete</span> <span class='ocrx_word' id='word_1_6' title='bbox 651 504 718 557; x_wconf 86' lang='lat' dir='ltr'>quae</span> <span class='ocrx_word' id='word_1_7' title='bbox 737 488 867 556; x_wconf 83' lang='lat' dir='ltr'><strong>processit</strong></span> <span class='ocrx_word' id='word_1_8' title='bbox 886 503 1016 556; x_wconf 88' lang='lat' dir='ltr'>proxuma</span> 
     </span>
     <span class='ocr_line' id='line_1_3' title="bbox 235 574 961 643; baseline -0.007 -12"><span class='ocrx_word' id='word_1_9' title='bbox 235 609 237 616; x_wconf 73' lang='lat'>.</span> <span class='ocrx_word' id='word_1_10' title='bbox 319 579 413 631; x_wconf 84' lang='lat' dir='ltr'><strong>Mirum</strong></span> <span class='ocrx_word' id='word_1_11' title='bbox 432 580 511 643; x_wconf 90' lang='lat' dir='ltr'>atque</span> <span class='ocrx_word' id='word_1_12' title='bbox 529 575 654 628; x_wconf 84' lang='lat' dir='ltr'>inscitum</span> <span class='ocrx_word' id='word_1_13' title='bbox 674 574 803 628; x_wconf 80' lang='lat' dir='ltr'>somniavi</span> <span class='ocrx_word' id='word_1_14' title='bbox 821 574 961 627; x_wconf 89' lang='lat' dir='ltr'>somnium.</span> 
     </span>
    </p>
   </div>
   <div class='ocr_carea' id='block_1_3' title="bbox 213 671 492 751">
    <p class='ocr_par' dir='ltr' id='par_1_3' title="bbox 213 671 492 751">
     <span class='ocr_line' id='line_1_4' title="bbox 213 671 492 751; baseline -0.022 -14"><span class='ocrx_word' id='word_1_15' title='bbox 213 673 327 737; x_wconf 82' lang='lat' dir='ltr'>Most.</span> <span class='ocrx_word' id='word_1_16' title='bbox 351 671 412 735; x_wconf 86' lang='lat'>703</span> <span class='ocrx_word' id='word_1_17' title='bbox 422 689 492 751; x_wconf 86' lang='lat' dir='ltr'>sqq.</span> 
     </span>
    </p>
   </div>
   <div class='ocr_carea' id='block_1_4' title="bbox 309 765 969 1095">
    <p class='ocr_par' dir='ltr' id='par_1_4' title="bbox 309 765 969 1095">
     <span class='ocr_line' id='line_1_5' title="bbox 309 765 969 838; baseline -0.011 -15"><span class='ocrx_word' id='word_1_18' title='bbox 309 770 398 838; x_wconf 85' lang='lat' dir='ltr'>Siquis</span> <span class='ocrx_word' id='word_1_19' title='bbox 418 769 534 821; x_wconf 86' lang='lat' dir='ltr'>dotatam</span> <span class='ocrx_word' id='word_1_20' title='bbox 553 783 664 819; x_wconf 83' lang='lat' dir='ltr'>uxorem</span> <span class='ocrx_word' id='word_1_21' title='bbox 683 769 762 834; x_wconf 88' lang='lat' dir='ltr'>atque</span> <span class='ocrx_word' id='word_1_22' title='bbox 781 781 860 817; x_wconf 90' lang='lat' dir='ltr'>anum</span> <span class='ocrx_word' id='word_1_23' title='bbox 880 765 969 831; x_wconf 80' lang='lat' dir='ltr'>habet,</span> 
     </span>
     <span class='ocr_line' id='line_1_6' title="bbox 310 851 908 921; baseline -0.008 -12"><span class='ocrx_word' id='word_1_24' title='bbox 310 856 447 908; x_wconf 84' lang='lat' dir='ltr'>Neminem</span> <span class='ocrx_word' id='word_1_25' title='bbox 470 853 596 906; x_wconf 86' lang='lat' dir='ltr'>sollicitat</span> <span class='ocrx_word' id='word_1_26' title='bbox 615 868 709 921; x_wconf 88' lang='lat' dir='ltr'>sopor:</span> <span class='ocrx_word' id='word_1_27' title='bbox 728 851 766 903; x_wconf 92' lang='lat' dir='ltr'>ibi</span> <span class='ocrx_word' id='word_1_28' title='bbox 785 852 908 904; x_wconf 89' lang='lat' dir='ltr'>omnibus</span> 
     </span>
     <span class='ocr_line' id='line_1_7' title="bbox 309 937 928 993; baseline -0.008 0"><span class='ocrx_word' id='word_1_29' title='bbox 309 940 350 993; x_wconf 90' lang='lat' dir='ltr'>Ire</span> <span class='ocrx_word' id='word_1_30' title='bbox 370 940 510 993; x_wconf 89' lang='lat' dir='ltr'>dormitum</span> <span class='ocrx_word' id='word_1_31' title='bbox 533 938 630 991; x_wconf 89' lang='lat' dir='ltr'>odiost.</span> <span class='ocrx_word' id='word_1_32' title='bbox 665 937 755 989; x_wconf 89' lang='lat' dir='ltr'>Veluti</span> <span class='ocrx_word' id='word_1_33' title='bbox 773 953 845 990; x_wconf 89' lang='lat' dir='ltr'>nuno</span> <span class='ocrx_word' id='word_1_34' title='bbox 863 937 928 988; x_wconf 86' lang='lat' dir='ltr'>milri</span> 
     </span>
     <span class='ocr_line' id='line_1_8' title="bbox 309 1025 909 1095; baseline -0.008 -15"><span class='ocrx_word' id='word_1_35' title='bbox 309 1027 425 1095; x_wconf 79' lang='lat' dir='ltr'>Exsequi</span> <span class='ocrx_word' id='word_1_36' title='bbox 446 1030 517 1078; x_wconf 84' lang='lat' dir='ltr'>certa</span> <span class='ocrx_word' id='word_1_37' title='bbox 536 1041 578 1078; x_wconf 90' lang='lat' dir='ltr'>res</span> <span class='ocrx_word' id='word_1_38' title='bbox 599 1028 640 1077; x_wconf 87' lang='lat' dir='ltr'>est</span> <span class='ocrx_word' id='word_1_39' title='bbox 659 1028 690 1076; x_wconf 88' lang='lat' dir='ltr'>ut</span> <span class='ocrx_word' id='word_1_40' title='bbox 709 1025 801 1076; x_wconf 89' lang='lat' dir='ltr'>abeam</span> <span class='ocrx_word' id='word_1_41' title='bbox 821 1039 909 1091; x_wconf 77' lang='lat' dir='ltr'>eqo.</span> 
     </span>
    </p>
   </div>
   <div class='ocr_carea' id='block_1_5' title="bbox 167 1116 1342 1900">
    <p class='ocr_par' dir='ltr' id='par_1_5' title="bbox 167 1116 1342 1900">
     <span class='ocr_line' id='line_1_9' title="bbox 254 1116 1340 1202; baseline -0.004 -16"><span class='ocrx_word' id='word_1_42' title='bbox 254 1123 397 1202; x_wconf 84' lang='lat' dir='ltr'>Tempus</span> <span class='ocrx_word' id='word_1_43' title='bbox 429 1120 492 1183; x_wconf 89' lang='lat' dir='ltr'>iam</span> <span class='ocrx_word' id='word_1_44' title='bbox 525 1118 618 1182; x_wconf 89' lang='lat' dir='ltr'>adest</span> <span class='ocrx_word' id='word_1_45' title='bbox 651 1116 847 1199; x_wconf 89' lang='lat' dir='ltr'>quaerendi,</span> <span class='ocrx_word' id='word_1_46' title='bbox 883 1135 948 1198; x_wconf 89' lang='lat' dir='ltr'>qua</span> <span class='ocrx_word' id='word_1_47' title='bbox 983 1117 1109 1181; x_wconf 88' lang='lat' dir='ltr'>ratione</span> <span class='ocrx_word' id='word_1_48' title='bbox 1131 1117 1178 1181; x_wconf 81' lang='lat' dir='ltr'>vel</span> <span class='ocrx_word' id='word_1_49' title='bbox 1205 1118 1239 1182; x_wconf 94' lang='lat' dir='ltr'>in</span> <span class='ocrx_word' id='word_1_50' title='bbox 1268 1138 1340 1184; x_wconf 88' lang='lat' dir='ltr'>eam</span> 
     </span>
     <span class='ocr_line' id='line_1_10' title="bbox 168 1216 1342 1303; baseline -0.003 -18"><span class='ocrx_word' id='word_1_51' title='bbox 168 1220 436 1303; x_wconf 76' lang='lat' dir='ltr'>significationem</span> <span class='ocrx_word' id='word_1_52' title='bbox 456 1218 592 1282; x_wconf 88' lang='lat' dir='ltr'>transire</span> <span class='ocrx_word' id='word_1_53' title='bbox 614 1217 771 1298; x_wconf 78' lang='lat' dir='ltr'>potuerit,</span> <span class='ocrx_word' id='word_1_54' title='bbox 792 1220 837 1280; x_wconf 94' lang='lat' dir='ltr'>·ut</span> <span class='ocrx_word' id='word_1_55' title='bbox 858 1216 943 1280; x_wconf 90' lang='lat' dir='ltr'>idem</span> <span class='ocrx_word' id='word_1_56' title='bbox 966 1216 1073 1280; x_wconf 89' lang='lat' dir='ltr'>valeat</span> <span class='ocrx_word' id='word_1_57' title='bbox 1099 1217 1186 1298; x_wconf 89' lang='lat' dir='ltr'>quod</span> <span class='ocrx_word' id='word_1_58' title='bbox 1208 1218 1342 1298; x_wconf 72' lang='lat' dir='ltr'>coempti</span> 
     </span>
     <span class='ocr_line' id='line_1_11' title="bbox 168 1315 1340 1401; baseline -0.003 -16"><span class='ocrx_word' id='word_1_59' title='bbox 168 1341 277 1386; x_wconf 83' lang='lat' dir='ltr'>eausa.</span> <span class='ocrx_word' id='word_1_60' title='bbox 309 1319 464 1401; x_wconf 85' lang='lat' dir='ltr'>Equidem</span> <span class='ocrx_word' id='word_1_61' title='bbox 489 1317 585 1381; x_wconf 91' lang='lat' dir='ltr'>etiam</span> <span class='ocrx_word' id='word_1_62' title='bbox 608 1316 641 1380; x_wconf 93' lang='lat' dir='ltr'>in</span> <span class='ocrx_word' id='word_1_63' title='bbox 657 1316 720 1380; x_wconf 86' lang='lat' dir='ltr'>hoc</span> <span class='ocrx_word' id='word_1_64' title='bbox 733 1335 795 1380; x_wconf 90' lang='lat' dir='ltr'>usu</span> <span class='ocrx_word' id='word_1_65' title='bbox 808 1315 976 1396; x_wconf 90' lang='lat' dir='ltr'>antiquam</span> <span class='ocrx_word' id='word_1_66' title='bbox 991 1315 1174 1397; x_wconf 82' lang='lat' dir='ltr'>imperativi</span> <span class='ocrx_word' id='word_1_67' title='bbox 1189 1320 1340 1381; x_wconf 89' lang='lat' dir='ltr'>naturam</span> 
     </span>
     <span class='ocr_line' id='line_1_12' title="bbox 168 1414 1340 1503; baseline -0.003 -18"><span class='ocrx_word' id='word_1_68' title='bbox 168 1435 326 1502; x_wconf 82' lang='lat' dir='ltr'>agnosco:</span> <span class='ocrx_word' id='word_1_69' title='bbox 348 1419 394 1482; x_wconf 79' lang='lat' dir='ltr'>vel</span> <span class='ocrx_word' id='word_1_70' title='bbox 417 1437 469 1498; x_wconf 83' lang='lat' dir='ltr'>epo</span> <span class='ocrx_word' id='word_1_71' title='bbox 490 1417 545 1503; x_wconf 79' lang='lat' dir='ltr'>qui</span> <span class='ocrx_word' id='word_1_72' title='bbox 557 1445 595 1469; x_wconf 93' lang='lat'>=</span> <span class='ocrx_word' id='word_1_73' title='bbox 610 1416 711 1479; x_wconf 90' lang='lat' dir='ltr'>nimm</span> <span class='ocrx_word' id='word_1_74' title='bbox 738 1415 789 1479; x_wconf 89' lang='lat' dir='ltr'>ein</span> <span class='ocrx_word' id='word_1_75' title='bbox 806 1414 959 1496; x_wconf 91' lang='lat' dir='ltr'>Beispiel:</span> <span class='ocrx_word' id='word_1_76' title='bbox 983 1414 1045 1492; x_wconf 84' lang='lat' dir='ltr'>ioh,</span> <span class='ocrx_word' id='word_1_77' title='bbox 1069 1415 1126 1479; x_wconf 90' lang='lat' dir='ltr'>der</span> <span class='ocrx_word' id='word_1_78' title='bbox 1147 1415 1200 1480; x_wconf 86' lang='lat' dir='ltr'>ich</span> <span class='ocrx_word' id='word_1_79' title='bbox 1218 1435 1244 1481; x_wconf 93' lang='lat' dir='ltr'>e.</span> <span class='ocrx_word' id='word_1_80' title='bbox 1256 1436 1286 1499; x_wconf 91' lang='lat' dir='ltr'>q.</span> <span class='ocrx_word' id='word_1_81' title='bbox 1298 1437 1340 1495; x_wconf 82' lang='lat' dir='ltr'>a.;</span> 
     </span>
     <span class='ocr_line' id='line_1_13' title="bbox 167 1514 1339 1602; baseline -0.004 -18"><span class='ocrx_word' id='word_1_82' title='bbox 167 1519 357 1602; x_wconf 89' lang='lat' dir='ltr'>praesertim</span> <span class='ocrx_word' id='word_1_83' title='bbox 390 1536 463 1581; x_wconf 86' lang='lat' dir='ltr'>curn</span> <span class='ocrx_word' id='word_1_84' title='bbox 497 1516 585 1581; x_wconf 91' lang='lat' dir='ltr'>aliud</span> <span class='ocrx_word' id='word_1_85' title='bbox 621 1514 801 1579; x_wconf 85' lang='lat' dir='ltr'>simillimae</span> <span class='ocrx_word' id='word_1_86' title='bbox 843 1514 1121 1579; x_wconf 81' lang='lat' dir='ltr'>transmutationis</span> <span class='ocrx_word' id='word_1_87' title='bbox 1158 1515 1339 1598; x_wconf 87' lang='lat' dir='ltr'>exemplum</span> 
     </span>
     <span class='ocr_line' id='line_1_14' title="bbox 169 1614 1341 1697; baseline -0.003 -15"><span class='ocrx_word' id='word_1_88' title='bbox 169 1618 284 1683; x_wconf 88' lang='lat' dir='ltr'>afferre</span> <span class='ocrx_word' id='word_1_89' title='bbox 311 1617 415 1682; x_wconf 87' lang='lat' dir='ltr'>liceat.</span> <span class='ocrx_word' id='word_1_90' title='bbox 462 1616 583 1680; x_wconf 84' lang='lat' dir='ltr'>Eodem</span> <span class='ocrx_word' id='word_1_91' title='bbox 617 1615 701 1679; x_wconf 90' lang='lat' dir='ltr'>enim</span> <span class='ocrx_word' id='word_1_92' title='bbox 732 1633 827 1678; x_wconf 89' lang='lat' dir='ltr'>sensu</span> <span class='ocrx_word' id='word_1_93' title='bbox 857 1632 922 1694; x_wconf 93' lang='lat' dir='ltr'>quo</span> <span class='ocrx_word' id='word_1_94' title='bbox 949 1614 1114 1678; x_wconf 83' lang='lat' dir='ltr'>ueletiam</span> <span class='ocrx_word' id='word_1_95' title='bbox 1138 1615 1341 1697; x_wconf 89' lang='lat' dir='ltr'>aliusimpe-</span> 
     </span>
     <span class='ocr_line' id='line_1_15' title="bbox 168 1713 1338 1798; baseline -0.003 -16"><span class='ocrx_word' id='word_1_96' title='bbox 168 1718 291 1782; x_wconf 90' lang='lat' dir='ltr'>rativus</span> <span class='ocrx_word' id='word_1_97' title='bbox 310 1737 329 1781; x_wconf 88' lang='lat' dir='ltr'>a</span> <span class='ocrx_word' id='word_1_98' title='bbox 349 1715 506 1781; x_wconf 86' lang='lat' dir='ltr'>Romanis</span> <span class='ocrx_word' id='word_1_99' title='bbox 531 1714 767 1796; x_wconf 85' lang='lat' dir='ltr'>usurpabatur:</span> <span class='ocrx_word' id='word_1_100' title='bbox 789 1713 908 1777; x_wconf 85' lang='lat' dir='ltr'>seilicet</span> <span class='ocrx_word' id='word_1_101' title='bbox 925 1719 1023 1798; x_wconf 63' lang='lat' dir='ltr'>putem</span> <span class='ocrx_word' id='word_1_102' title='bbox 1046 1713 1136 1777; x_wconf 88' lang='lat' dir='ltr'>cuius</span> <span class='ocrx_word' id='word_1_103' title='bbox 1152 1713 1338 1778; x_wconf 88' lang='lat' dir='ltr'>testimonia</span> 
     </span>
     <span class='ocr_line' id='line_1_16' title="bbox 170 1805 1235 1900; baseline -0.004 -18"><span class='ocrx_word' id='word_1_104' title='bbox 170 1805 259 1900; x_wconf 90' lang='lat' dir='ltr'>apud</span> <span class='ocrx_word' id='word_1_105' title='bbox 281 1816 446 1881; x_wconf 90' lang='lat' dir='ltr'>Handium</span> <span class='ocrx_word' id='word_1_106' title='bbox 470 1814 603 1878; x_wconf 85' lang='lat' dir='ltr'>collecta</span> <span class='ocrx_word' id='word_1_107' title='bbox 625 1813 779 1890; x_wconf 70' lang='lat' dir='ltr'>invenias</span> <span class='ocrx_word' id='word_1_108' title='bbox 802 1813 840 1876; x_wconf 84' lang='lat' dir='ltr'>et.</span> <span class='ocrx_word' id='word_1_109' title='bbox 864 1813 940 1876; x_wconf 88' lang='lat' dir='ltr'>Hor.</span> <span class='ocrx_word' id='word_1_110' title='bbox 963 1817 1022 1877; x_wconf 90' lang='lat' dir='ltr'>sat.</span> <span class='ocrx_word' id='word_1_111' title='bbox 1046 1813 1081 1891; x_wconf 88' lang='grc' dir='ltr'>Π,</span> <span class='ocrx_word' id='word_1_112' title='bbox 1094 1813 1123 1891; x_wconf 87' lang='grc'>5,</span> <span class='ocrx_word' id='word_1_113' title='bbox 1136 1813 1176 1877; x_wconf 86' lang='grc'>32</span> <span class='ocrx_word' id='word_1_114' title='bbox 1187 1833 1235 1895; x_wconf 91' lang='lat' dir='ltr'>sq.</span> 
     </span>
    </p>
   </div>
   <div class='ocr_carea' id='block_1_6' title="bbox 307 1913 1149 2080">
    <p class='ocr_par' dir='ltr' id='par_1_6' title="bbox 307 1913 1149 2080">
     <span class='ocr_line' id='line_1_17' title="bbox 307 1913 1149 1994; baseline -0.001 -19"><span class='ocrx_word' id='word_1_115' title='bbox 307 1918 424 1994; x_wconf 55' lang='grc' dir='ltr'>ί(ᾲιιίιιιὸ</span> <span class='ocrx_word' id='word_1_116' title='bbox 440 1924 506 1991; x_wconf 85' lang='lat' dir='ltr'>puta</span> <span class='ocrx_word' id='word_1_117' title='bbox 523 1924 569 1973; x_wconf 88' lang='lat' dir='ltr'>aut</span> <span class='ocrx_word' id='word_1_118' title='bbox 586 1913 680 1986; x_wconf 60' lang='lat' dir='ltr'>pubu’</span> <span class='ocrx_word' id='word_1_119' title='bbox 690 1950 723 1957; x_wconf 95' lang='lat'><em>-</em></span> <span class='ocrx_word' id='word_1_120' title='bbox 735 1919 853 1987; x_wconf 83' lang='lat' dir='ltr'>gaudent</span> <span class='ocrx_word' id='word_1_121' title='bbox 868 1921 1041 1988; x_wconf 85' lang='lat' dir='ltr'>praenomine</span> <span class='ocrx_word' id='word_1_122' title='bbox 1056 1919 1149 1974; x_wconf 85' lang='lat' dir='ltr'>molles</span> 
     </span>
     <span class='ocr_line' id='line_1_18' title="bbox 307 2000 1149 2080; baseline -0.002 -18"><span class='ocrx_word' id='word_1_123' title='bbox 307 2010 450 2062; x_wconf 76' lang='lat' dir='ltr'>Auriculae</span> <span class='ocrx_word' id='word_1_124' title='bbox 469 2037 502 2045; x_wconf 92' lang='lat'>-</span> <span class='ocrx_word' id='word_1_125' title='bbox 520 2008 590 2080; x_wconf 69' lang='lat' dir='ltr'>tTibi</span> <span class='ocrx_word' id='word_1_126' title='bbox 608 2023 650 2060; x_wconf 91' lang='lat' dir='ltr'>me</span> <span class='ocrx_word' id='word_1_127' title='bbox 668 2007 752 2059; x_wconf 85' lang='lat' dir='ltr'>virtus</span> <span class='ocrx_word' id='word_1_128' title='bbox 771 2009 818 2058; x_wconf 86' lang='lat' dir='ltr'>tua</span> <span class='ocrx_word' id='word_1_129' title='bbox 835 2006 898 2059; x_wconf 85' lang='lat' dir='ltr'>feeit</span> <span class='ocrx_word' id='word_1_130' title='bbox 917 2000 1040 2059; x_wconf 89' lang='lat' dir='ltr'>amioum’</span> <span class='ocrx_word' id='word_1_131' title='bbox 1057 2022 1079 2058; x_wconf 93' lang='lat' dir='ltr'>e.</span> <span class='ocrx_word' id='word_1_132' title='bbox 1091 2023 1116 2075; x_wconf 91' lang='lat' dir='ltr'>q.</span> <span class='ocrx_word' id='word_1_133' title='bbox 1127 2022 1149 2060; x_wconf 88' lang='lat' dir='ltr'>s.</span> 
     </span>
    </p>
   </div>
   <div class='ocr_carea' id='block_1_7' title="bbox 168 2099 1340 2878">
    <p class='ocr_par' dir='ltr' id='par_1_7' title="bbox 168 2099 1340 2878">
     <span class='ocr_line' id='line_1_19' title="bbox 250 2099 1339 2183; baseline -0.002 -16"><span class='ocrx_word' id='word_1_134' title='bbox 250 2104 290 2167; x_wconf 77' lang='lat' dir='ltr'>nt</span> <span class='ocrx_word' id='word_1_135' title='bbox 320 2102 346 2166; x_wconf 91' lang='lat' dir='ltr'>si</span> <span class='ocrx_word' id='word_1_136' title='bbox 379 2102 486 2166; x_wconf 93' lang='lat' dir='ltr'>denuo</span> <span class='ocrx_word' id='word_1_137' title='bbox 518 2100 719 2183; x_wconf 83' lang='lat' dir='ltr'>quaerimus,</span> <span class='ocrx_word' id='word_1_138' title='bbox 752 2099 807 2181; x_wconf 92' lang='lat' dir='ltr'>qui</span> <span class='ocrx_word' id='word_1_139' title='bbox 839 2100 908 2163; x_wconf 91' lang='lat' dir='ltr'>fieri</span> <span class='ocrx_word' id='word_1_140' title='bbox 936 2099 1092 2182; x_wconf 85' lang='lat' dir='ltr'>potuerit,</span> <span class='ocrx_word' id='word_1_141' title='bbox 1123 2103 1160 2164; x_wconf 91' lang='lat' dir='ltr'>ut</span> <span class='ocrx_word' id='word_1_142' title='bbox 1182 2099 1271 2165; x_wconf 85' lang='lat' dir='ltr'>iuxta</span> <span class='ocrx_word' id='word_1_143' title='bbox 1292 2099 1339 2166; x_wconf 80' lang='lat' dir='ltr'>ael</span> 
     </span>
     <span class='ocr_line' id='line_1_20' title="bbox 168 2199 1339 2284; baseline -0.001 -18"><span class='ocrx_word' id='word_1_144' title='bbox 168 2202 282 2266; x_wconf 90' lang='lat' dir='ltr'>eodem</span> <span class='ocrx_word' id='word_1_145' title='bbox 297 2221 429 2265; x_wconf 90' lang='lat' dir='ltr'>munere</span> <span class='ocrx_word' id='word_1_146' title='bbox 442 2203 524 2265; x_wconf 72' lang='lat' dir='ltr'>velut</span> <span class='ocrx_word' id='word_1_147' title='bbox 543 2200 738 2281; x_wconf 85' lang='lat' dir='ltr'>fungeretur,</span> <span class='ocrx_word' id='word_1_148' title='bbox 761 2199 942 2280; x_wconf 89' lang='lat' dir='ltr'>imperativi</span> <span class='ocrx_word' id='word_1_149' title='bbox 956 2206 1041 2284; x_wconf 78' lang='lat' dir='ltr'>puta</span> <span class='ocrx_word' id='word_1_150' title='bbox 1054 2199 1218 2264; x_wconf 85' lang='lat' dir='ltr'>fortunam</span> <span class='ocrx_word' id='word_1_151' title='bbox 1231 2220 1339 2282; x_wconf 90' lang='lat' dir='ltr'>perse-</span> 
     </span>
     <span class='ocr_line' id='line_1_21' title="bbox 168 2298 1337 2384; baseline -0.001 -18"><span class='ocrx_word' id='word_1_152' title='bbox 168 2321 316 2384; x_wconf 90' lang='lat' dir='ltr'>quamur.</span> <span class='ocrx_word' id='word_1_153' title='bbox 350 2300 501 2378; x_wconf 86' lang='lat' dir='ltr'>Quicum</span> <span class='ocrx_word' id='word_1_154' title='bbox 523 2320 581 2381; x_wconf 93' lang='lat' dir='ltr'>per</span> <span class='ocrx_word' id='word_1_155' title='bbox 603 2299 734 2381; x_wconf 88' lang='lat' dir='ltr'>aliquod</span> <span class='ocrx_word' id='word_1_156' title='bbox 755 2298 909 2380; x_wconf 87' lang='lat' dir='ltr'>temporis</span> <span class='ocrx_word' id='word_1_157' title='bbox 930 2299 1070 2380; x_wconf 90' lang='lat' dir='ltr'>spatium</span> <span class='ocrx_word' id='word_1_158' title='bbox 1093 2299 1127 2364; x_wconf 92' lang='lat' dir='ltr'>in</span> <span class='ocrx_word' id='word_1_159' title='bbox 1142 2320 1203 2365; x_wconf 90' lang='lat' dir='ltr'>usu</span> <span class='ocrx_word' id='word_1_160' title='bbox 1218 2300 1337 2380; x_wconf 85' lang='lat' dir='ltr'>fuisset,</span> 
     </span>
     <span class='ocr_line' id='line_1_22' title="bbox 170 2397 1339 2483; baseline -0.001 -17"><span class='ocrx_word' id='word_1_161' title='bbox 170 2401 283 2466; x_wconf 90' lang='lat' dir='ltr'>eadem</span> <span class='ocrx_word' id='word_1_162' title='bbox 314 2400 368 2464; x_wconf 88' lang='lat' dir='ltr'>illa</span> <span class='ocrx_word' id='word_1_163' title='bbox 399 2399 638 2481; x_wconf 81' lang='lat' dir='ltr'>compositionis</span> <span class='ocrx_word' id='word_1_164' title='bbox 669 2399 738 2479; x_wconf 83' lang='lat' dir='ltr'>lege</span> <span class='ocrx_word' id='word_1_165' title='bbox 768 2397 801 2461; x_wconf 93' lang='lat' dir='ltr'>in</span> <span class='ocrx_word' id='word_1_166' title='bbox 829 2404 865 2461; x_wconf 82' lang='lat' dir='ltr'>ut</span> <span class='ocrx_word' id='word_1_167' title='bbox 895 2400 1000 2483; x_wconf 83' lang='lat' dir='ltr'>puta¹</span> <span class='ocrx_word' id='word_1_168' title='bbox 1036 2400 1172 2464; x_wconf 89' lang='lat' dir='ltr'>transiit.</span> <span class='ocrx_word' id='word_1_169' title='bbox 1223 2403 1339 2483; x_wconf 89' lang='lat' dir='ltr'>ltaque</span> 
     </span>
     <span class='ocr_line' id='line_1_23' title="bbox 171 2497 1339 2582; baseline -0.001 -17"><span class='ocrx_word' id='word_1_170' title='bbox 171 2501 305 2565; x_wconf 92' lang='lat' dir='ltr'>duobus</span> <span class='ocrx_word' id='word_1_171' title='bbox 328 2499 526 2581; x_wconf 87' lang='lat' dir='ltr'>imperativis</span> <span class='ocrx_word' id='word_1_172' title='bbox 557 2498 643 2562; x_wconf 88' lang='lat' dir='ltr'>idem</span> <span class='ocrx_word' id='word_1_173' title='bbox 664 2498 789 2562; x_wconf 84' lang='lat' dir='ltr'>eccidit.</span> <span class='ocrx_word' id='word_1_174' title='bbox 836 2497 980 2575; x_wconf 85' lang='lat' dir='ltr'>Quorum</span> <span class='ocrx_word' id='word_1_175' title='bbox 1011 2500 1151 2581; x_wconf 89' lang='lat' dir='ltr'>primam</span> <span class='ocrx_word' id='word_1_176' title='bbox 1182 2500 1339 2582; x_wconf 84' lang='lat' dir='ltr'>originem</span> 
     </span>
     <span class='ocr_line' id='line_1_24' title="bbox 173 2597 1340 2683; baseline 0.001 -19"><span class='ocrx_word' id='word_1_177' title='bbox 173 2604 205 2664; x_wconf 88' lang='lat' dir='ltr'>et</span> <span class='ocrx_word' id='word_1_178' title='bbox 226 2601 292 2664; x_wconf 93' lang='lat' dir='ltr'>vim</span> <span class='ocrx_word' id='word_1_179' title='bbox 318 2599 408 2663; x_wconf 92' lang='lat' dir='ltr'>obliti</span> <span class='ocrx_word' id='word_1_180' title='bbox 429 2597 571 2661; x_wconf 87' lang='lat' dir='ltr'>Romani</span> <span class='ocrx_word' id='word_1_181' title='bbox 592 2599 630 2660; x_wconf 93' lang='lat' dir='ltr'>ut</span> <span class='ocrx_word' id='word_1_182' title='bbox 650 2600 683 2661; x_wconf 87' lang='lat' dir='ltr'>et</span> <span class='ocrx_word' id='word_1_183' title='bbox 704 2597 786 2661; x_wconf 81' lang='lat' dir='ltr'>velat</span> <span class='ocrx_word' id='word_1_184' title='bbox 806 2600 838 2660; x_wconf 92' lang='lat' dir='ltr'>et</span> <span class='ocrx_word' id='word_1_185' title='bbox 859 2602 895 2661; x_wconf 81' lang='lat' dir='ltr'>ut</span> <span class='ocrx_word' id='word_1_186' title='bbox 910 2605 993 2683; x_wconf 78' lang='lat' dir='ltr'>puta</span> <span class='ocrx_word' id='word_1_187' title='bbox 1014 2603 1183 2678; x_wconf 84' lang='lat' dir='ltr'>novarent,</span> <span class='ocrx_word' id='word_1_188' title='bbox 1206 2599 1340 2665; x_wconf 85' lang='lat' dir='ltr'>fortasse</span> 
     </span>
     <span class='ocr_line' id='line_1_25' title="bbox 169 2696 1338 2778; baseline -0.001 -14"><span class='ocrx_word' id='word_1_189' title='bbox 169 2701 250 2764; x_wconf 80' lang='lat' dir='ltr'>siout</span> <span class='ocrx_word' id='word_1_190' title='bbox 278 2698 362 2762; x_wconf 90' lang='lat' dir='ltr'>illius</span> <span class='ocrx_word' id='word_1_191' title='bbox 393 2696 543 2778; x_wconf 85' lang='lat' dir='ltr'>analogia</span> <span class='ocrx_word' id='word_1_192' title='bbox 565 2696 717 2760; x_wconf 84' lang='lat' dir='ltr'>commoti</span> <span class='ocrx_word' id='word_1_193' title='bbox 740 2699 823 2760; x_wconf 89' lang='lat' dir='ltr'>sunt.</span> <span class='ocrx_word' id='word_1_194' title='bbox 869 2697 1019 2763; x_wconf 85' lang='lat' dir='ltr'>Ceterum</span> <span class='ocrx_word' id='word_1_195' title='bbox 1049 2699 1234 2764; x_wconf 86' lang='lat' dir='ltr'>conterendi</span> <span class='ocrx_word' id='word_1_196' title='bbox 1262 2704 1338 2765; x_wconf 89' lang='lat' dir='ltr'>sunt</span> 
     </span>
     <span class='ocr_line' id='line_1_26' title="bbox 170 2795 807 2878; baseline -0.008 -14"><span class='ocrx_word' id='word_1_197' title='bbox 170 2799 261 2878; x_wconf 72' lang='lat' dir='ltr'>aliod,</span> <span class='ocrx_word' id='word_1_198' title='bbox 284 2797 409 2875; x_wconf 65' lang='lat' dir='ltr'>scilian,</span> <span class='ocrx_word' id='word_1_199' title='bbox 432 2795 613 2878; x_wconf 88' lang='lat' dir='ltr'>imperativi</span> <span class='ocrx_word' id='word_1_200' title='bbox 636 2795 807 2860; x_wconf 88' lang='lat' dir='ltr'>obscurati.</span> 
     </span>
    </p>
   </div>
   <div class='ocr_carea' id='block_1_8' title="bbox 168 2949 1404 3439">
    <p class='ocr_par' dir='ltr' id='par_1_8' title="bbox 168 2949 1404 3328">
     <span class='ocr_line' id='line_1_27' title="bbox 250 2949 1404 3036; baseline 0.002 -20"><span class='ocrx_word' id='word_1_201' title='bbox 250 2950 333 3034; x_wconf 66' lang='grc' dir='ltr'>Η.</span> <span class='ocrx_word' id='word_1_202' title='bbox 387 2951 564 3032; x_wconf 89' lang='lat' dir='ltr'>Postquam</span> <span class='ocrx_word' id='word_1_203' title='bbox 598 2969 711 3014; x_wconf 90' lang='lat' dir='ltr'>omnes</span> <span class='ocrx_word' id='word_1_204' title='bbox 741 2949 828 3015; x_wconf 85' lang='lat' dir='ltr'>locos</span> <span class='ocrx_word' id='word_1_205' title='bbox 859 2952 1071 3032; x_wconf 88' lang='lat' dir='ltr'>absolvimus,</span> <span class='ocrx_word' id='word_1_206' title='bbox 1111 2954 1166 3036; x_wconf 91' lang='lat' dir='ltr'>qui</span> <span class='ocrx_word' id='word_1_207' title='bbox 1194 2952 1237 3018; x_wconf 88' lang='lat' dir='ltr'>ad</span> <span class='ocrx_word' id='word_1_208' title='bbox 1269 2972 1338 3018; x_wconf 91' lang='lat' dir='ltr'>rem</span> <span class='ocrx_word' id='word_1_209' title='bbox 1402 2958 1404 2963; x_wconf 82' lang='grc'>’</span> 
     </span>
     <span class='ocr_line' id='line_1_28' title="bbox 170 3049 1337 3132; baseline 0.001 -15"><span class='ocrx_word' id='word_1_210' title='bbox 170 3050 457 3117; x_wconf 87' lang='lat' dir='ltr'>demonstrandam</span> <span class='ocrx_word' id='word_1_211' title='bbox 476 3049 631 3113; x_wconf 89' lang='lat' dir='ltr'>momenti</span> <span class='ocrx_word' id='word_1_212' title='bbox 654 3069 722 3113; x_wconf 88' lang='lat' dir='ltr'>esse</span> <span class='ocrx_word' id='word_1_213' title='bbox 743 3054 888 3130; x_wconf 85' lang='lat' dir='ltr'>possunt,</span> <span class='ocrx_word' id='word_1_214' title='bbox 911 3053 1034 3115; x_wconf 89' lang='lat' dir='ltr'>restant</span> <span class='ocrx_word' id='word_1_215' title='bbox 1055 3053 1200 3117; x_wconf 90' lang='lat' dir='ltr'>nonnulli</span> <span class='ocrx_word' id='word_1_216' title='bbox 1216 3072 1337 3132; x_wconf 67' lang='lat' dir='ltr'>versus</span> 
     </span>
     <span class='ocr_line' id='line_1_29' title="bbox 169 3148 1337 3234; baseline 0 -17"><span class='ocrx_word' id='word_1_217' title='bbox 169 3151 342 3234; x_wconf 84' lang='lat' dir='ltr'>inquibus</span> <span class='ocrx_word' id='word_1_218' title='bbox 365 3148 497 3213; x_wconf 89' lang='lat' dir='ltr'>diversis</span> <span class='ocrx_word' id='word_1_219' title='bbox 520 3148 560 3212; x_wconf 90' lang='lat' dir='ltr'>de</span> <span class='ocrx_word' id='word_1_220' title='bbox 580 3148 685 3212; x_wconf 85' lang='lat' dir='ltr'>causis</span> <span class='ocrx_word' id='word_1_221' title='bbox 707 3151 764 3213; x_wconf 88' lang='lat' dir='ltr'>aut</span> <span class='ocrx_word' id='word_1_222' title='bbox 787 3148 834 3212; x_wconf 78' lang='lat' dir='ltr'>vel</span> <span class='ocrx_word' id='word_1_223' title='bbox 857 3149 1030 3214; x_wconf 89' lang='lat' dir='ltr'>delendum</span> <span class='ocrx_word' id='word_1_224' title='bbox 1051 3156 1108 3216; x_wconf 89' lang='lat' dir='ltr'>aut</span> <span class='ocrx_word' id='word_1_225' title='bbox 1137 3151 1199 3216; x_wconf 88' lang='lat' dir='ltr'>alio</span> <span class='ocrx_word' id='word_1_226' title='bbox 1221 3151 1337 3217; x_wconf 92' lang='lat' dir='ltr'>instru-</span> 
     </span>
     <span class='ocr_line' id='line_1_30' title="bbox 168 3247 770 3328; baseline -0.003 -13"><span class='ocrx_word' id='word_1_227' title='bbox 168 3254 279 3315; x_wconf 92' lang='lat' dir='ltr'>mento</span> <span class='ocrx_word' id='word_1_228' title='bbox 305 3248 421 3314; x_wconf 85' lang='lat' dir='ltr'>criticis</span> <span class='ocrx_word' id='word_1_229' title='bbox 442 3247 588 3312; x_wconf 91' lang='lat' dir='ltr'>sollemni</span> <span class='ocrx_word' id='word_1_230' title='bbox 610 3266 692 3328; x_wconf 91' lang='lat' dir='ltr'>opus</span> <span class='ocrx_word' id='word_1_231' title='bbox 713 3252 770 3313; x_wconf 89' lang='lat' dir='ltr'>est.</span> 
     </span>
    </p>

    <p class='ocr_par' dir='ltr' id='par_1_9' title="bbox 209 3353 1003 3439">
     <span class='ocr_line' id='line_1_31' title="bbox 209 3353 1003 3439; baseline 0.004 -34"><span class='ocrx_word' id='word_1_232' title='bbox 209 3355 350 3439; x_wconf 50' lang='lat' dir='ltr'>Amph.</span> <span class='ocrx_word' id='word_1_233' title='bbox 372 3356 434 3420; x_wconf 81' lang='grc'>443</span> <span class='ocrx_word' id='word_1_234' title='bbox 449 3375 519 3437; x_wconf 78' lang='lat' dir='ltr'>sqq,</span> <span class='ocrx_word' id='word_1_235' title='bbox 581 3353 644 3405; x_wconf 82' lang='lat' dir='ltr'>Tam</span> <span class='ocrx_word' id='word_1_236' title='bbox 664 3354 828 3408; x_wconf 81' lang='lat' dir='ltr'>consimilest</span> <span class='ocrx_word' id='word_1_237' title='bbox 846 3358 926 3422; x_wconf 86' lang='lat' dir='ltr'>atque</span> <span class='ocrx_word' id='word_1_238' title='bbox 945 3370 1003 3423; x_wconf 84' lang='lat' dir='ltr'>ego.</span> 
     </span>
    </p>
   </div>
   <div class='ocr_carea' id='block_1_9' title="bbox 307 3453 1084 3608">
    <p class='ocr_par' dir='ltr' id='par_1_10' title="bbox 307 3453 1084 3608">
     <span class='ocr_line' id='line_1_32' title="bbox 309 3453 1084 3523; baseline 0.005 -17"><span class='ocrx_word' id='word_1_239' title='bbox 309 3453 385 3520; x_wconf 88' lang='lat' dir='ltr'>Sura,</span> <span class='ocrx_word' id='word_1_240' title='bbox 405 3469 461 3522; x_wconf 86' lang='lat' dir='ltr'>pes,</span> <span class='ocrx_word' id='word_1_241' title='bbox 480 3457 591 3520; x_wconf 85' lang='lat' dir='ltr'>statura,</span> <span class='ocrx_word' id='word_1_242' title='bbox 610 3458 713 3523; x_wconf 86' lang='lat' dir='ltr'>tonsus,</span> <span class='ocrx_word' id='word_1_243' title='bbox 734 3456 813 3523; x_wconf 81' lang='lat' dir='ltr'>oculi,</span> <span class='ocrx_word' id='word_1_244' title='bbox 828 3472 923 3509; x_wconf 87' lang='lat' dir='ltr'>nasum</span> <span class='ocrx_word' id='word_1_245' title='bbox 941 3458 983 3510; x_wconf 90' lang='lat' dir='ltr'>vel</span> <span class='ocrx_word' id='word_1_246' title='bbox 1001 3457 1084 3523; x_wconf 81' lang='lat' dir='ltr'>labra,</span> 
     </span>
     <span class='ocr_line' id='line_1_33' title="bbox 307 3539 879 3608; baseline 0.007 -16"><span class='ocrx_word' id='word_1_247' title='bbox 307 3539 400 3606; x_wconf 82' lang='lat' dir='ltr'>Malae,</span> <span class='ocrx_word' id='word_1_248' title='bbox 418 3544 544 3607; x_wconf 87' lang='lat' dir='ltr'>mentum,</span> <span class='ocrx_word' id='word_1_249' title='bbox 563 3542 654 3608; x_wconf 89' lang='lat' dir='ltr'>barba,</span> <span class='ocrx_word' id='word_1_250' title='bbox 675 3542 772 3595; x_wconf 81' lang='lat' dir='ltr'>collus:</span> <span class='ocrx_word' id='word_1_251' title='bbox 791 3546 879 3608; x_wconf 88' lang='lat' dir='ltr'>totus;</span> 
     </span>
    </p>
   </div>
   <div class='ocr_carea' id='block_1_10' title="bbox 168 3625 1338 3808">
    <p class='ocr_par' dir='ltr' id='par_1_11' title="bbox 168 3625 1338 3808">
     <span class='ocr_line' id='line_1_34' title="bbox 168 3625 1337 3709; baseline 0 -19"><span class='ocrx_word' id='word_1_252' title='bbox 168 3625 344 3691; x_wconf 84' lang='lat' dir='ltr'>rectissime</span> <span class='ocrx_word' id='word_1_253' title='bbox 374 3626 545 3708; x_wconf 81' lang='lat' dir='ltr'>Langenus</span> <span class='ocrx_word' id='word_1_254' title='bbox 575 3627 727 3692; x_wconf 91' lang='lat' dir='ltr'>adnotat:</span> <span class='ocrx_word' id='word_1_255' title='bbox 760 3629 828 3709; x_wconf 91' lang='lat' dir='ltr'>„vel</span> <span class='ocrx_word' id='word_1_256' title='bbox 851 3629 943 3693; x_wconf 89' lang='lat' dir='ltr'>liesse</span> <span class='ocrx_word' id='word_1_257' title='bbox 973 3628 1038 3692; x_wconf 88' lang='lat' dir='ltr'>sioh</span> <span class='ocrx_word' id='word_1_258' title='bbox 1069 3627 1126 3692; x_wconf 88' lang='lat' dir='ltr'>der</span> <span class='ocrx_word' id='word_1_259' title='bbox 1147 3626 1337 3707; x_wconf 79' lang='lat' dir='ltr'>Bedeutung</span> 
     </span>
     <span class='ocr_line' id='line_1_35' title="bbox 168 3725 1338 3808; baseline 0 -18"><span class='ocrx_word' id='word_1_260' title='bbox 168 3726 254 3792; x_wconf 84' lang='lat' dir='ltr'>nach</span> <span class='ocrx_word' id='word_1_261' title='bbox 275 3725 435 3791; x_wconf 88' lang='lat' dir='ltr'>vielleicht</span> <span class='ocrx_word' id='word_1_262' title='bbox 455 3726 690 3808; x_wconf 75' lang='lat' dir='ltr'>reehtlertigem</span> <span class='ocrx_word' id='word_1_263' title='bbox 713 3728 791 3792; x_wconf 88' lang='lat' dir='ltr'>aber</span> <span class='ocrx_word' id='word_1_264' title='bbox 813 3727 932 3793; x_wconf 73' lang='lat' dir='ltr'>hochst</span> <span class='ocrx_word' id='word_1_265' title='bbox 946 3726 1120 3792; x_wconf 87' lang='lat' dir='ltr'>auffallend</span> <span class='ocrx_word' id='word_1_266' title='bbox 1138 3727 1179 3791; x_wconf 89' lang='lat' dir='ltr'>ist</span> <span class='ocrx_word' id='word_1_267' title='bbox 1194 3726 1246 3791; x_wconf 89' lang='lat' dir='ltr'>die</span> <span class='ocrx_word' id='word_1_268' title='bbox 1266 3745 1338 3790; x_wconf 88' lang='lat' dir='ltr'>ver·</span> 
     </span>
    </p>
   </div>
   <div class='ocr_carea' id='block_1_11' title="bbox 167 3895 1337 4226">
    <p class='ocr_par' dir='ltr' id='par_1_12' title="bbox 167 3895 1337 4226">
     <span class='ocr_line' id='line_1_36' title="bbox 238 3895 1336 3968; baseline 0 -18"><span class='ocrx_word' id='word_1_269' title='bbox 238 3895 263 3966; x_wconf 88' lang='lat'>1)</span> <span class='ocrx_word' id='word_1_270' title='bbox 283 3896 343 3951; x_wconf 87' lang='lat' dir='ltr'>Sen.</span> <span class='ocrx_word' id='word_1_271' title='bbox 362 3914 422 3968; x_wconf 89' lang='lat' dir='ltr'>epp.</span> <span class='ocrx_word' id='word_1_272' title='bbox 440 3899 483 3965; x_wconf 79' lang='lat'>47,</span> <span class='ocrx_word' id='word_1_273' title='bbox 504 3902 549 3964; x_wconf 80' lang='lat'>153</span> <span class='ocrx_word' id='word_1_274' title='bbox 574 3903 631 3952; x_wconf 90' lang='lat' dir='ltr'>nat.</span> <span class='ocrx_word' id='word_1_275' title='bbox 650 3903 750 3968; x_wconf 85' lang='lat' dir='ltr'>quaest.</span> <span class='ocrx_word' id='word_1_276' title='bbox 770 3903 794 3966; x_wconf 83' lang='lat'>2,</span> <span class='ocrx_word' id='word_1_277' title='bbox 813 3902 838 3966; x_wconf 84' lang='lat'>2,</span> <span class='ocrx_word' id='word_1_278' title='bbox 856 3899 881 3952; x_wconf 88' lang='grc'>3.</span> <span class='ocrx_word' id='word_1_279' title='bbox 913 3900 951 3952; x_wconf 92' lang='lat' dir='ltr'>Im</span> <span class='ocrx_word' id='word_1_280' title='bbox 970 3900 1063 3968; x_wconf 88' lang='lat' dir='ltr'>primis</span> <span class='ocrx_word' id='word_1_281' title='bbox 1082 3902 1170 3951; x_wconf 89' lang='lat' dir='ltr'>autern</span> <span class='ocrx_word' id='word_1_282' title='bbox 1188 3899 1255 3951; x_wconf 89' lang='lat' dir='ltr'>iuris</span> <span class='ocrx_word' id='word_1_283' title='bbox 1274 3913 1336 3951; x_wconf 90' lang='lat' dir='ltr'>oon-</span> 
     </span>
     <span class='ocr_line' id='line_1_37' title="bbox 168 3981 1336 4054; baseline -0.002 -19"><span class='ocrx_word' id='word_1_284' title='bbox 168 3983 231 4036; x_wconf 90' lang='lat' dir='ltr'>sulti</span> <span class='ocrx_word' id='word_1_285' title='bbox 256 3984 306 4037; x_wconf 88' lang='lat' dir='ltr'>hoo</span> <span class='ocrx_word' id='word_1_286' title='bbox 330 3984 453 4038; x_wconf 90' lang='lat' dir='ltr'>adverbio</span> <span class='ocrx_word' id='word_1_287' title='bbox 477 3986 518 4037; x_wconf 92' lang='lat' dir='ltr'>uti</span> <span class='ocrx_word' id='word_1_288' title='bbox 540 3988 673 4039; x_wconf 85' lang='lat' dir='ltr'>amabant.</span> <span class='ocrx_word' id='word_1_289' title='bbox 710 3984 749 4039; x_wconf 83' lang='lat' dir='ltr'>cf.</span> <span class='ocrx_word' id='word_1_290' title='bbox 768 3986 853 4053; x_wconf 76' lang='lat' dir='ltr'>Kale,</span> <span class='ocrx_word' id='word_1_291' title='bbox 878 3987 958 4039; x_wconf 85' lang='lat' dir='ltr'>Roms</span> <span class='ocrx_word' id='word_1_292' title='bbox 975 3985 1095 4038; x_wconf 87' lang='lat' dir='ltr'>Juristen</span> <span class='ocrx_word' id='word_1_293' title='bbox 1118 4002 1144 4054; x_wconf 91' lang='lat' dir='ltr'>p.</span> <span class='ocrx_word' id='word_1_294' title='bbox 1164 3983 1197 4036; x_wconf 83' lang='grc'>25</span> <span class='ocrx_word' id='word_1_295' title='bbox 1223 3987 1249 4036; x_wconf 87' lang='lat' dir='ltr'>et</span> <span class='ocrx_word' id='word_1_296' title='bbox 1274 3981 1336 4046; x_wconf 76' lang='lat'>1303</span> 
     </span>
     <span class='ocr_line' id='line_1_38' title="bbox 167 4069 1337 4140; baseline 0 -19"><span class='ocrx_word' id='word_1_297' title='bbox 167 4069 398 4136; x_wconf 82' lang='lat' dir='ltr'>Krebs·Sehmalz,</span> <span class='ocrx_word' id='word_1_298' title='bbox 425 4069 620 4124; x_wconf 83' lang='lat' dir='ltr'>Antibarbarus</span> <span class='ocrx_word' id='word_1_299' title='bbox 638 4071 663 4124; x_wconf 92' lang='lat' dir='ltr'>II</span> <span class='ocrx_word' id='word_1_300' title='bbox 682 4089 707 4140; x_wconf 94' lang='lat' dir='ltr'>p.</span> <span class='ocrx_word' id='word_1_301' title='bbox 726 4072 826 4140; x_wconf 80' lang='lat' dir='ltr'>391sq.</span> <span class='ocrx_word' id='word_1_302' title='bbox 864 4072 984 4125; x_wconf 83' lang='lat' dir='ltr'>Ceterum</span> <span class='ocrx_word' id='word_1_303' title='bbox 1004 4073 1055 4124; x_wconf 87' lang='lat' dir='ltr'>iam</span> <span class='ocrx_word' id='word_1_304' title='bbox 1075 4071 1253 4125; x_wconf 83' lang='lat' dir='ltr'>Woelfflinius</span> <span class='ocrx_word' id='word_1_305' title='bbox 1266 4075 1337 4136; x_wconf 79' lang='lat' dir='ltr'>putu</span> 
     </span>
     <span class='ocr_line' id='line_1_39' title="bbox 168 4157 1145 4226; baseline 0.003 -18"><span class='ocrx_word' id='word_1_306' title='bbox 168 4159 194 4208; x_wconf 89' lang='lat' dir='ltr'>et</span> <span class='ocrx_word' id='word_1_307' title='bbox 210 4162 241 4210; x_wconf 78' lang='lat' dir='ltr'>ut</span> <span class='ocrx_word' id='word_1_308' title='bbox 253 4163 325 4224; x_wconf 77' lang='lat' dir='ltr'>puta</span> <span class='ocrx_word' id='word_1_309' title='bbox 345 4158 374 4209; x_wconf 93' lang='lat' dir='ltr'>in</span> <span class='ocrx_word' id='word_1_310' title='bbox 392 4159 615 4226; x_wconf 81' lang='lat' dir='ltr'>comparationem</span> <span class='ocrx_word' id='word_1_311' title='bbox 634 4159 746 4223; x_wconf 82' lang='lat' dir='ltr'>voravit,</span> <span class='ocrx_word' id='word_1_312' title='bbox 765 4159 872 4212; x_wconf 83' lang='lat' dir='ltr'>Arehiv.</span> <span class='ocrx_word' id='word_1_313' title='bbox 891 4158 942 4210; x_wconf 83' lang='lat' dir='ltr'>lex.</span> <span class='ocrx_word' id='word_1_314' title='bbox 962 4157 1022 4210; x_wconf 92' lang='lat' dir='ltr'>Vlll</span> <span class='ocrx_word' id='word_1_315' title='bbox 1041 4174 1067 4225; x_wconf 87' lang='lat' dir='ltr'>p.</span> <span class='ocrx_word' id='word_1_316' title='bbox 1086 4158 1145 4211; x_wconf 82' lang='lat'>296.</span> 
     </span>
    </p>
   </div>
   <div class='ocr_carea' id='block_1_12' title="bbox 0 0 1520 4838">
    <p class='ocr_par' dir='ltr' id='par_1_13' title="bbox 0 0 1520 4838">
     <span class='ocr_line' id='line_1_40' title="bbox 0 0 1520 4838; baseline 0 0"><span class='ocrx_word' id='word_1_317' title='bbox 0 0 1520 4838; x_wconf 95' lang='lat' dir='ltr'> </span> 
     </span>
    </p>
   </div>
  </div>
 </body>
</html>
