3030 4838
652 316 860 379 ..68-

169 512 229 575 pro
246 492 347 556 altera
361 510 472 556 versus
483 492 543 555 319
562 495 655 574 parte
670 492 811 557 codexA
829 493 982 575 praebet:
1005 493 1200 578 atqueidvel
1211 493 1344 577 optinpit

169 593 280 671 deum,
299 591 355 655 ubi
376 591 424 656 uel
445 591 588 656 Gertzius
611 593 795 657 emendavit
819 594 851 658 in
873 595 929 658 aei.
972 594 1037 657 Leo
1064 593 1205 657 affirmat
1227 594 1343 658 diiudi-

170 693 328 758 cationem
352 693 434 756 inter
448 697 620 774 utramque
637 694 814 758 versionem
835 694 996 773 difficilem
1011 714 1089 770 esse,
1111 695 1188 776 quia
1205 698 1343 776 utraque

170 795 213 858 ad
243 812 371 858 versum
401 792 623 874 insequentem
652 795 798 876 quadret.
843 795 944 873 Quid,
973 795 998 858 si
1022 795 1136 858 ambas
1168 795 1344 859 retinemus

170 899 202 958 et
223 894 327 958 locum
350 897 455 957 toturn
478 893 523 957 sic
544 894 792 958 constituimus?

463 1023 535 1075 Nihil
556 1025 666 1077 ostiam
686 1025 755 1094 quod
776 1030 806 1077 tu
824 1026 860 1077 mi
880 1041 1051 1079 suscenseas:

308 1113 404 1165 Fecere
423 1111 476 1164 tale
496 1116 557 1164 ante
576 1111 622 1164 alii
642 1114 754 1180 spectati
774 1114 831 1165 viri.

309 1199 459 1252 Humanum
480 1203 602 1266 amarcst,
622 1204 701 1268 atque
721 1200 748 1251 id
767 1202 807 1253 vei
827 1201 942 1268 optingit
960 1200 1046 1252 deum.

308 1287 458 1339 Humanum
478 1291 600 1352 amarest,
619 1287 761 1339 humanum
782 1292 867 1340 autern
889 1289 1060 1356 ignoscerest.

309 1375 348 1426 Ne
367 1375 404 1426 sis
424 1391 465 1427 me
483 1375 603 1442 obiurga,
620 1375 670 1428 hoc
690 1391 744 1427 non
762 1375 884 1427 voluntas
905 1391 945 1426 mc
963 1375 1078 1443 impulit.

171 1493 410 1559 Sententiarum
442 1513 630 1575 progressus
659 1494 711 1557 hic
747 1495 871 1558 evadit:
909 1492 1053 1574 Spectati
1081 1491 1140 1556 viri
1163 1492 1229 1556 iam
1258 1492 1344 1556 idem

174 1594 333 1672 fecerunt,
365 1613 440 1658 nam
462 1595 641 1658 humanum
662 1613 774 1658 amare
794 1597 858 1669 est,
888 1593 1076 1675 praesertim
1098 1612 1171 1657 cum
1194 1593 1225 1656 vi
1248 1593 1344 1656 deum

172 1695 329 1776 optingat.
373 1694 493 1758 Eodem
517 1694 615 1759 modo
637 1697 746 1758 autern
769 1714 834 1777 quo
856 1713 966 1758 amare
990 1699 1022 1758 et
1042 1694 1206 1775 ignoscere
1228 1693 1346 1757 huma·

171 1798 300 1869 numst3
323 1795 386 1859 noli
410 1795 507 1876 igitur
527 1814 579 1858 me
601 1794 781 1876 obiurgare.
816 1795 907 1873 Quae
922 1815 996 1859 cum
1018 1795 1063 1858 ita
1085 1794 1157 1872 sint,
1180 1793 1258 1876 quia
1280 1794 1345 1857 duo

177 1894 381 1977 insequentes
402 1914 512 1958 versus
534 1915 572 1958 ex
594 1895 713 1959 eisdem
734 1896 890 1976 incipiunt
913 1896 1028 1973 verbis,
1051 1895 1199 1959 facillime
1221 1894 1345 1958 intelle-

175 1995 269 2076 gitur,
288 2015 354 2076 quo
365 1995 463 2058 modo
474 1995 537 2058 alia
549 1994 696 2059 codicum
709 1995 817 2059 classis
836 1996 934 2060 aliurn
948 2015 1073 2060 versum
1084 1994 1344 2078 praetermiserit.

213 2143 326 2208 Most.
348 2145 408 2208 356
429 2164 498 2226 sqq.

313 2243 363 2297 Ubi
383 2250 446 2297 sunt
465 2246 511 2298 isti
531 2245 712 2313 plagipatidae
730 2245 908 2297 ferritribaces
927 2245 976 2296 viri

313 2331 361 2384 Vel
379 2332 433 2398 isti,
454 2333 498 2400 qui
516 2333 633 2385 hosticas
652 2333 731 2384 trium
751 2348 886 2383 nummum
906 2347 986 2384 causa
1006 2332 1122 2383 subeunt
1140 2332 1190 2383 sub
1209 2330 1286 2395 ialaS,

312 2416 363 2470 Ubi
383 2418 427 2486 pol
446 2419 541 2487 cuique
560 2420 635 2471 denis
654 2419 738 2471 hastis
757 2435 853 2488 corpus
872 2417 993 2486 transfigi
1012 2417 1093 2481 solet;

173 2535 344 2615 Langenus
386 2534 536 2600 adnotat:
577 2535 715 2617 „Tranio
751 2536 845 2600 sucht
872 2535 1060 2618 jemanden,
1102 2535 1159 2599 der
1188 2533 1257 2598 sich
1295 2534 1345 2598 hir

173 2635 229 2697 ihn
255 2634 424 2716 kreuzigen
454 2655 491 2699 zu
520 2635 624 2700 lassen
652 2637 753 2701 bereit
775 2636 837 2701 sei:
864 2636 919 2700 ubi
950 2641 1024 2699 sunt
1054 2635 1105 2698 isti
1126 2634 1345 2716 plagipatidae

174 2734 387 2799 ferritribaces
407 2736 484 2812 viri;
508 2737 549 2800 da
569 2737 627 2800 das
647 2737 762 2818 jedoch
779 2737 916 2801 Sklaven
934 2737 1019 2813 sind,
1043 2737 1094 2800 die
1110 2735 1246 2814 Straton,
1267 2736 1346 2799 aber

175 2834 336 2900 vielleicht
358 2835 449 2899 nicht
472 2837 534 2900 den
558 2837 629 2901 Tod
653 2837 756 2918 tapfer
779 2837 959 2915 anshalten,
983 2857 1018 2901 so
1039 2855 1155 2918 passen
1177 2835 1243 2899 ihm
1259 2835 1345 2899 diese

173 2936 258 2999 noch
288 2935 378 3000 nicht
406 2937 497 3001 recht
527 2938 593 3001 und
625 2957 659 3001 er
678 2937 765 3001 fahrt
786 2937 919 3001 deshalb
944 2938 1007 3001 tort
1027 2937 1078 3000 vel
1100 2935 1152 3017 (=
1169 2937 1247 3000 oder
1268 2936 1344 2999 viel·

174 3036 283 3112 mehr)
304 3037 354 3101 isti
376 3037 432 3119 qui
447 3057 473 3102 e.
488 3058 518 3120 q.
531 3058 571 3114 s.;
595 3038 654 3103 das
668 3039 740 3102 sind
763 3039 879 3117 soleba,
902 3038 953 3102 die
968 3057 1003 3101 er
1023 3037 1228 3118 gebrauchen
1246 3036 1345 3114 kann,

175 3136 226 3200 die
242 3137 345 3201 bereit
359 3138 440 3216 sind,
460 3139 527 3202 sich
545 3138 619 3202 dem
630 3139 720 3203 Tode
735 3138 968 3203 auszusetzen“.
992 3137 1086 3215 Quod
1104 3137 1183 3200 mihi
1201 3137 1347 3218 argutius

174 3238 352 3302 iudicatum
379 3259 447 3302 esse
468 3239 604 3304 videtur.
650 3240 733 3318 Quia
755 3239 839 3303 etin
862 3259 957 3303 versu
979 3240 1040 3303 356
1061 3241 1093 3302 ct
1115 3238 1147 3301 in
1170 3257 1266 3302 versu
1285 3238 1345 3302 357

175 3337 300 3402 codices
320 3338 403 3403 inter
424 3342 471 3404 ael
487 3342 520 3404 et
536 3340 590 3404 ubi
605 3341 772 3418 fluctuant,
795 3360 854 3422 ego
876 3339 1048 3421 utrobique
1071 3339 1125 3402 ubi
1139 3338 1346 3402 scribendum

174 3457 243 3502 esse
266 3458 396 3517 censeo,
418 3440 462 3504 ita
485 3444 520 3504 ut
540 3441 646 3522 gravis
668 3441 835 3522 anaphora
859 3440 998 3504 exsistat.
1042 3439 1089 3503 De
1115 3438 1346 3520 interrogativa

175 3538 333 3603 enuntiati
354 3539 457 3604 forma
479 3540 553 3606 vide
573 3541 617 3606 ad
636 3541 728 3606 Curc.
751 3542 789 3605 17
812 3541 856 3622 (p.
878 3539 940 3621 67).

215 3687 326 3765 Most.
346 3689 408 3753 410

313 3788 380 3840 Nam
400 3789 502 3858 quoivis
520 3789 620 3841 homini
639 3788 680 3841 vel
699 3792 806 3856 optumo
826 3787 867 3840 vel
884 3804 1022 3856 pessum03

175 3925 272 3988 quem
294 3926 422 3971 versum
444 3905 670 3988 interpolatum
693 3925 761 3970 esse
782 3905 957 3969 rectissime
973 3904 1122 3986 cognovit
1142 3904 1344 3969 Ritschelius

216 4037 335 4100 Poen.
358 4039 420 4102 530

314 4138 462 4190 Vinceretis
482 4154 584 4191 cervom
604 4153 684 4190 cursu
702 4136 743 4188 vel
762 4137 919 4204 gralatorem
939 4137 1038 4205 gradu,
