3030 4838
643 293 682 302 ..
726 257 767 322 ag
810 293 849 303 -

205 432 317 498 Asin.
340 434 380 498 32

303 533 372 597 Quid
390 535 459 589 istuc
478 535 538 588 est?
570 538 625 590 Aut
641 538 687 589 ubi
706 538 776 591 istuc
795 542 835 590 est
853 542 981 590 terrarum
1000 537 1072 591 loci?

205 626 315 692 Asin.
338 629 457 712 dlsqq.

302 728 355 782 Gur
373 730 422 782 hoc
442 746 490 797 ego
511 747 542 782 ex
561 736 587 783 te
606 730 751 799 quaeram?
787 732 841 783 Aut
860 747 907 784 cur
929 732 1034 785 miniter
1052 733 1111 799 tibi,

303 816 454 885 Propterea,
474 817 542 886 quod
563 834 603 870 me
623 834 677 870 non
695 818 820 870 scientem
839 818 954 872 feceris?

303 910 358 962 Aut
376 927 424 963 cur
441 915 574 979 postremo
593 911 648 963 filio
667 927 844 979 suscenseam,

304 997 396 1049 Patres
414 1002 444 1049 ut
464 999 564 1051 iaciunt
584 998 684 1051 ceteri?

167 1110 306 1172 quarum
329 1090 426 1155 trium
448 1092 672 1173 quaestionum
695 1112 807 1156 sensus
831 1112 896 1157 una
925 1093 1074 1159 facillime
1096 1097 1338 1178 comprimitur:

168 1210 224 1254 eur
247 1211 306 1272 ego
328 1191 454 1270 faciam,
476 1192 564 1274 quod
584 1192 680 1257 ceteri
700 1196 809 1274 patres
831 1193 974 1258 iaciunt?
1010 1194 1114 1258 Ceteri
1130 1197 1218 1261 enim
1233 1199 1340 1278 patres

170 1291 203 1354 in
224 1292 398 1356 comoediis
416 1312 455 1356 ex
469 1292 569 1356 servis
583 1297 753 1373 quaerunt,
777 1313 855 1357 num
868 1294 951 1358 tilius
962 1299 1059 1373 amet,
1082 1296 1127 1360 eis
1138 1297 1338 1377 minitantur,

168 1391 239 1455 tiliis
269 1397 463 1457 suscensent.
514 1393 624 1457 Unum
657 1393 755 1474 igitur
789 1399 1015 1474 argumentum
1043 1396 1077 1460 in
1106 1401 1218 1479 partes
1250 1399 1339 1480 quasi

170 1496 306 1557 secatur.

209 1593 296 1658 Aul.
320 1595 377 1658 761

309 1694 431 1763 Surripui
450 1710 498 1763 ego
517 1694 613 1748 tuum?
633 1694 723 1747 unde?
742 1700 788 1747 aut
807 1695 870 1763 quid
889 1695 916 1747 id
936 1695 995 1749 est?

210 1788 327 1870 Capt.
348 1789 411 1852 480

309 1888 389 1954 „Quis
409 1890 460 1941 ait:
480 1889 548 1942 boc?
568 1894 614 1941 aut
633 1890 692 1957 quis
711 1889 849 1957 profitetur
857 1889 884 1941 ?“
904 1890 1022 1958 inquam.

210 1983 262 2046 Ca
302 1986 324 2045 t.
346 1985 365 2046 5
388 1983 408 2045 5

272 1983 387 2144 ρίὶηίἕ
396 2081 509 2150 loquar?
534 2080 602 2143 Quid
621 2081 780 2136 fabulabor?
805 2082 874 2145 Quid
893 2082 1017 2150 negabo?
1040 2083 1096 2135 Aut
1113 2084 1178 2152 quid
1197 2085 1315 2138 fatebor?

209 2176 293 2241 Cas
317 2177 458 2257 dldsqq.

308 2277 366 2340 Qua
384 2293 433 2344 ego
452 2276 522 2328 hunc
541 2291 654 2328 amorem
674 2276 710 2327 mi
728 2291 786 2327 esse
805 2276 847 2327 evi
866 2275 951 2328 dicam
971 2276 1062 2328 datum

307 2365 361 2416 Aur.
381 2363 444 2432 quid
464 2379 512 2430 ego
530 2379 655 2430 umquam
674 2377 736 2430 erga
755 2362 883 2414 Venerem
902 2363 993 2431 inique
1011 2363 1127 2430 fecerim,

306 2451 354 2504 (lui
374 2452 412 2504 sic
431 2450 586 2504 tutamenti
605 2450 641 2501 mi
660 2450 764 2502 obviam
784 2450 907 2502 evenient
925 2449 1033 2502 morae?

272 2565 297 2608 s.
319 2545 339 2608 9

211 2545 264 2610 Ga
307 2546 380 2708 Quqid
395 2644 482 2697 fecisti
502 2643 641 2712 scipione?
662 2648 709 2696 aut
727 2643 797 2711 quod
817 2643 934 2696 habuisti
953 2643 1084 2712 pallium?

211 2739 307 2803 Cist.
332 2739 393 2803 745

308 2838 377 2901 Quid
396 2839 466 2891 istuc
484 2835 620 2904 negotist?
657 2836 711 2887 Aut
730 2836 789 2903 quis
808 2835 856 2888 es?

212 2933 327 2997 Cure.
351 2933 412 2997 407

308 3032 377 3095 Quid
397 3049 455 3084 eum
474 3047 546 3083 nunc
565 3028 689 3099 quaeris?
722 3029 776 3080 Aut
795 3029 929 3097 quoiatis?

213 3127 327 3191 Cure.
350 3127 410 3190 617

310 3226 375 3289 Quis
394 3226 442 3278 tibi
461 3226 530 3277 hanc
548 3224 621 3276 dedit
639 3222 792 3291 mancipio?
828 3223 883 3275 Aut
901 3224 972 3276 unde
991 3225 1056 3278 emis
1069 3224 1099 3277 i?
1135 3224 1190 3277 Fac
1208 3225 1296 3278 sciam.

211 3321 325 3386 Cure.
348 3321 409 3385 688
426 3340 473 3402 sq.
496 3317 604 3382 traditi
626 3320 716 3382 sunt:

623 3416 692 3479 Quid
710 3422 838 3470 mecumst
854 3417 923 3470 tibi?

310 3508 364 3559 Aut
381 3512 469 3558 tecum
489 3509 543 3557 aut.
578 3504 646 3567 Quia
664 3520 712 3571 ego
732 3520 753 3556 e.
764 3521 787 3572 q.
799 3505 835 3556 s.“

172 3594 260 3672 Quos
284 3613 394 3658 versus
415 3592 460 3657 sic
480 3592 632 3673 legendos
655 3611 723 3655 esse
745 3610 877 3655 censeo:

629 3690 697 3753 Quid
718 3695 846 3744 mecumst
863 3689 933 3743 tibi?

309 3781 363 3832 Aut
381 3780 445 3832 mihi
463 3778 569 3832 tecum?
581 3779 679 3846 -Ego
693 3794 725 3830 ex
742 3782 768 3830 te
787 3777 864 3830 bodie
883 3777 978 3830 faciam
994 3777 1078 3844 pilum
1092 3779 1297 3846 catapultarium
1302 3798 1310 3845 3

172 3874 288 3956 quibus
318 3874 423 3938 verbis
451 3873 523 3937 leno
552 3892 617 3937 non
648 3872 788 3953 appellat
817 3870 876 3934 nisi
908 3870 1050 3935 militem.
1095 3872 1144 3937 De
1164 3871 1327 3953 tautologia

170 3976 209 4039 cf.
232 3975 309 4038 Acci
332 3994 360 4038 v.
386 3975 462 4038 147:

308 4074 376 4137 Quid
396 4079 444 4141 est,
463 4091 509 4127 cur
528 4089 684 4140 componere
703 4073 775 4124 ausis
797 4072 860 4123 mihi
878 4076 904 4123 te
924 4076 969 4125 aut
987 4089 1028 4124 me
1047 4072 1117 4125 tibi?
