3030 4838
605 309 788 372 ,9-

111 485 271 565 spondere
293 484 443 568 potuerit.
488 484 582 562 Quod
604 485 688 548 enim
711 485 855 550 iunctum
880 490 937 563 est,
961 489 1074 552 eodem
1097 490 1195 554 modo
1217 510 1282 574 quo

58 664 60 667 ι
110 585 256 649 enclitica
280 607 315 649 ve
337 589 369 651 et
390 607 429 650 ne
450 585 521 649 voci
553 585 681 650 cuidam
703 587 916 668 subiungatur
938 607 1067 654 necesse
1096 593 1152 655 est.
1195 590 1280 667 Quo·

109 686 206 749 modo
235 691 343 750 autem
373 686 472 750 talem
502 686 548 751 cel
576 687 754 767 particulae
783 687 945 752 fortunam
974 689 1067 754 nobis
1098 690 1281 772 tingamus?

110 787 220 868 ltaque
249 787 346 851 aliam
374 787 460 850 viam
492 787 712 868 ingrediamur
741 791 773 853 et
799 807 939 852 errorem
969 790 1020 854 vel
1049 791 1189 854 auctoris
1221 791 1280 869 vel,

109 887 196 968 quod
218 887 421 951 verisimilius
440 889 504 964 est,
528 887 707 968 apographi
730 887 893 969 irrepsisse
915 892 1106 954 statuamus
1148 891 1233 957 Nam
1254 893 1280 957 si

109 988 223 1051 seriem
245 1007 356 1051 earum
371 1006 497 1065 vocum,
519 1007 600 1070 quas
622 991 654 1052 et
669 988 795 1053 Probus
812 992 844 1054 et
860 987 1031 1054 Cledonius
1050 994 1280 1072 tractaverunt,

109 1088 304 1169 inspicimus,
327 1088 411 1151 hanc
433 1087 530 1152 Probi
592 1118 595 1123 ·
1215 1117 1217 1121 ·

171 1209 230 1268 que
251 1195 284 1252 al
304 1196 361 1251 aut
380 1209 415 1252 re
435 1208 474 1251 ne
495 1208 615 1274 quoquc
631 1208 730 1271 porro
751 1190 1092 1276 quandoquamquam

112 1288 196 1352 hanc
218 1287 351 1352 Cledoni
372 1289 554 1353 invenimus

171 1410 287 1473 queue
309 1395 342 1452 ot
364 1396 421 1453 unt
442 1411 477 1452 oe
496 1390 542 1453 vel
564 1409 683 1474 quoque
699 1411 799 1474 porro
821 1390 950 1470 quondo
971 1411 1164 1473 quamquam
1185 1413 1225 1456 ce.

191 1489 363 1553 Cledonius
383 1489 480 1571 igitur
501 1510 540 1552 ne
568 1489 709 1553 secundo
731 1490 800 1554 loco
831 1491 938 1572 posuit
968 1493 1082 1573 quavis
1104 1493 1144 1556 de
1166 1511 1281 1568 causa3

108 1609 181 1653 cum
204 1589 320 1654 deinde
342 1590 384 1654 ad
405 1590 494 1654 illum
515 1589 622 1653 locum
645 1594 834 1672 perventum
859 1595 921 1670 est,
944 1611 1009 1673 quo
1031 1591 1085 1674 illa
1106 1611 1159 1656 ars
1180 1612 1280 1674 quam

108 1690 251 1753 imitatur
274 1695 330 1754 aut
352 1690 548 1772 excerpitur
568 1690 772 1772 praebuerat,
795 1691 902 1755 nescio
923 1711 988 1775 qua
1011 1693 1063 1757 via
1077 1691 1125 1756 cel·
1139 1691 1280 1756 illabitur

108 1794 139 1853 et
159 1812 198 1853 ue
216 1790 395 1872 particulae
417 1790 630 1854 hereditatem
652 1790 795 1855 relictam
820 1789 956 1856 libenter
977 1793 1107 1874 recipit;
1129 1793 1174 1856 sic
1196 1812 1281 1876 quae

108 1891 147 1954 de
169 1912 203 1954 oe
224 1891 310 1954 dicta
333 1894 434 1968 erant,
457 1891 500 1955 ad
522 1891 569 1955 vel
585 1910 755 1974 perperam
775 1892 931 1956 translata
946 1895 1030 1957 sunt.
1064 1893 1178 1957 Mirum
1195 1893 1281 1957 enim

108 1995 163 2068 est,
188 1991 274 2072 quod
299 1990 397 2055 etiam
421 1992 484 2055 duo
506 1996 658 2056 accentus
680 1991 735 2073 qui
757 1993 845 2073 apud
859 1992 1002 2058 Probum
1019 1993 1063 2058 illi
1079 2015 1119 2058 ne
1135 1993 1281 2058 attributi

112 2096 200 2167 sunt,
232 2092 319 2173 apud
341 2090 531 2155 Cledonium
554 2092 596 2156 ad
617 2095 663 2156 vel
685 2095 858 2156 cesserunt.
881 2138 883 2142 »
910 2093 1066 2175 Equidem
1094 2094 1190 2158 credo
1218 2094 1280 2157 hac

110 2191 289 2272 explicandi
313 2190 437 2256 ratione
460 2191 698 2270 difficultatem,
728 2193 778 2257 cui
801 2213 860 2257 nos
881 2193 1094 2273 occurrimus,
1126 2214 1143 2257 e
1173 2194 1279 2259 medio

110 2291 271 2355 sublatam
293 2311 369 2356 esse.

190 2391 280 2470 Quae
301 2391 588 2473 grammaticorum
610 2391 784 2457 latinorum
806 2398 990 2476 praecepta,
1013 2413 1086 2457 curn
1114 2397 1226 2475 postea
1248 2393 1281 2458 in

107 2491 238 2573 singulis
268 2493 416 2575 partibus
439 2492 694 2557 commentarioli
720 2494 783 2558 mei
816 2494 858 2558 ad
888 2513 926 2558 ea
953 2497 1188 2576 provocaturus
1209 2493 1279 2571 sim,

107 2593 371 2674 quotiescumque
389 2613 428 2657 ex
451 2593 495 2658 eis
518 2593 659 2677 aliquem
682 2594 821 2659 fructum
844 2594 887 2658 ad
907 2598 1051 2662 nostram
1074 2614 1142 2658 rem
1165 2613 1281 2676 capere

106 2693 300 2774 poterimuS,
332 2693 393 2756 hoc
416 2692 486 2757 loco
508 2713 573 2757 non
597 2694 735 2777 amplius
753 2695 866 2773 turbu,
896 2694 957 2759 nisi
986 2696 1072 2778 quod
1096 2695 1157 2758 hoc
1178 2713 1280 2758 unum

106 2793 383 2874 praemonendum
414 2813 481 2858 esse
514 2813 644 2873 censeo,
674 2796 837 2882 neminem
866 2815 977 2860 eorum
999 2795 1032 2860 in
1054 2814 1113 2860 usu
1136 2794 1279 2875 priorum

107 2897 289 2973 temporum
319 2895 517 2978 exquirendo
544 2914 677 2977 operam
697 2915 834 2960 navasse
865 2895 1010 2978 (excepto
1033 2898 1165 2960 auctore
1187 2894 1280 2958 addi·

107 2993 243 3057 tamenti
274 2994 357 3058 illius
385 2998 461 3059 ante
480 2995 644 3059 decimum
666 2996 838 3078 septimum
860 2996 1016 3060 Prisciani
1044 2995 1162 3060 librum
1185 2995 1279 3058 nobis

107 3093 248 3175 servati),
265 3095 322 3158 sed
337 3115 448 3159 ornnes
465 3114 558 3160 suam
572 3096 723 3178 loquendi
740 3097 1005 3160 consuetudinem
1022 3097 1054 3160 in
1073 3096 1278 3178 antiquorum

109 3194 301 3275 scriptorum
329 3214 510 3260 sermonem
533 3196 757 3278 explicandum
781 3201 901 3261 temere
930 3198 1137 3262 transtulisse.
1189 3196 1280 3273 Quae

108 3313 180 3357 curn
201 3295 331 3373 desint,
353 3315 394 3359 ne
411 3296 639 3360 adumbratum
656 3297 787 3378 quidem
803 3297 991 3375 invenimus,
1015 3289 1175 3380 quantum
1195 3301 1278 3364 iuter

107 3398 154 3457 vel
177 3398 208 3458 et
230 3402 286 3458 ont
307 3397 472 3460 notionem
495 3397 664 3478 discrepet,
687 3398 763 3479 quia
785 3397 844 3480 ipsi
867 3401 937 3462 tum
960 3402 1100 3482 utraque
1120 3401 1279 3481 particula

107 3495 288 3576 promiscue
309 3496 492 3561 utebantur.
537 3497 580 3561 Ut
604 3516 706 3561 unum
727 3518 823 3580 porro
846 3499 1028 3580 exemplum
1050 3501 1170 3565 addam
1193 3505 1225 3565 et
1246 3501 1279 3565 in

107 3595 194 3659 clara
216 3596 286 3660 luce
306 3616 446 3678 ponam,
473 3597 541 3661 eius
569 3598 724 3676 notionis,
755 3619 854 3680 quam
875 3599 1059 3664 Priscianus
1070 3601 1092 3681 ¹)
1125 3605 1156 3666 et
1178 3605 1224 3666 vel
1248 3607 1280 3667 et

107 3703 163 3758 md
183 3696 340 3775 vindicat,
370 3702 407 3761 ut
435 3697 519 3761 idern
550 3697 706 3778 significet
735 3699 822 3781 quod
844 3703 955 3764 saltem
987 3700 1039 3781 (ea
1066 3702 1191 3767 ratione
1214 3722 1279 3784 qua

106 3796 278 3860 formatum
295 3802 341 3861 est
360 3797 559 3880 exemplum:
581 3800 611 3862 si
628 3819 693 3863 non
707 3801 754 3863 vie
770 3801 913 3877 ediscere,
935 3801 982 3865 uel
1000 3801 1151 3883 intelleqe)
1166 3802 1280 3883 priori·

107 3897 166 3960 bus
181 3898 389 3978 temporibus
406 3901 565 3979 quantum
580 3919 640 3980 ego
655 3900 821 3982 perspicio,
839 3902 972 3982 vestigia
984 3922 1049 3966 non
1064 3903 1279 3968 inveniuntur.

179 4109 204 4177 l)
224 4109 262 4162 Gi.
282 4127 307 4179 p.
326 4109 359 4174 33
379 4109 470 4163 itidem
488 4103 630 4166 Diomedes
646 4130 672 4182 p.
691 4115 716 4167 4.
