3030 4838
651 313 856 375 „97-

252 491 297 553 De
308 490 437 553 Petroni
454 510 513 552 usu
530 489 637 553 confer
646 487 815 568 Segebadii
837 487 1068 552 dissertationis
1088 487 1339 568 (observationes

169 589 401 669 grammaticae
431 595 461 651 et
493 589 622 651 criticae
645 589 675 650 in
700 585 900 666 Petronium)
924 607 953 667 p.
977 587 1117 669 46sqq.,
1148 587 1238 651 cuius
1258 607 1339 651 non·

170 688 258 751 nulla
281 689 379 751 verba
402 708 486 768 quae
508 692 634 751 exstant
657 707 685 767 p.
709 688 750 748 49
774 686 826 748 hic
848 687 1010 750 exscribo:
1032 686 1112 767 ‘Vel’
1129 688 1270 770 primum
1295 688 1341 750 ili

169 789 270 850 lucum
297 788 403 867 lubet,
435 788 489 849 utri
510 788 592 850 dirue
614 807 663 850 res
686 787 843 850 levissime
862 785 1072 850 disiunctioue
1088 794 1272 870 pouuutur‚
1294 791 1341 851 itu

172 894 203 949 ut
226 886 359 949 alterum
381 907 417 948 eu
440 888 483 949 els
506 889 616 970 eliqere
638 887 742 960 liceat,
774 906 871 970 quare
890 887 1017 969 saepius
1038 887 1181 970 sequitur
1203 887 1249 966 ‘si’
1270 909 1340 951 cum

171 988 272 1049 cerlis
291 984 389 1065 uelle,
420 986 530 1049 ruulle’.
573 985 717 1067 Exempli
738 1005 852 1049 carisa:
883 1003 908 1048 c.
932 986 973 1049 94
1003 986 1065 1048 ium
1089 987 1172 1049 melo
1202 989 1248 1049 uel
1270 1008 1339 1050 cur·

140 1155 143 1162 ,
169 1087 306 1149 minibus
329 1087 486 1170 loquaris3
511 1105 536 1148 e.
561 1088 601 1150 99
624 1085 765 1165 expedite
786 1085 966 1149 sarcinulas
989 1089 1017 1147 el
1039 1088 1088 1150 uel
1108 1086 1275 1169 sequimini
1294 1107 1342 1149 me

169 1189 231 1264 uel,
263 1187 474 1262 simmatus,
509 1186 628 1262 ducile3
660 1204 685 1248 c.
711 1185 771 1248 114
801 1186 923 1247 iuucles
948 1202 1007 1246 uos
1029 1204 1117 1246 mure
1144 1183 1225 1264 feret
1245 1184 1291 1248 uel
1314 1186 1342 1248 si

170 1287 303 1349 uoluerit
332 1287 510 1348 misericors
539 1285 582 1348 ud
612 1285 694 1349 idem
730 1284 805 1347 litus
840 1283 991 1367 expellere
1013 1303 1039 1346 e.
1053 1304 1083 1365 q.
1096 1304 1119 1345 s.
1170 1283 1341 1349 Praeterea

171 1386 250 1449 haec
282 1384 425 1448 notanda
457 1389 532 1448 sunt
562 1384 661 1448 verba
694 1405 719 1448 c.
743 1385 783 1448 98
809 1405 868 1467 per
898 1384 1008 1462 sidem,
1042 1381 1212 1465 Eumolpe,
1246 1385 1342 1448 reduc

172 1505 309 1568 puerum
332 1490 358 1546 et
378 1483 424 1546 uel
443 1486 574 1564 Ascylto
602 1484 706 1547 redde.
752 1482 865 1564 Itaque
887 1482 919 1545 id
941 1502 1005 1545 non
1028 1482 1125 1547 sensit
1146 1483 1344 1564 Segebadius

171 1585 218 1648 uel
250 1584 421 1665 praecipue
452 1583 493 1647 ad
527 1585 662 1647 alteram
695 1583 783 1646 verbi
814 1601 985 1664 personam
1016 1581 1145 1663 adponi.
1196 1583 1343 1647 Servavit

172 1684 268 1764 igitur
293 1702 397 1746 sermo
421 1683 472 1746 hic
493 1684 632 1764 volgaris
653 1685 719 1747 sive
746 1683 942 1756 cotidianus,
973 1683 1060 1763 quod
1083 1684 1343 1764 quammaxime

173 1784 347 1863 genuinum
370 1788 426 1846 est.
460 1783 608 1847 Ceterum
633 1792 688 1847 uut
710 1783 811 1847 mullo
834 1782 1032 1863 frequentius
1050 1783 1137 1864 apud
1155 1783 1341 1847 Petronium

172 1904 269 1965 quam
292 1885 363 1947 ucl.¹

257 2001 334 2063 Eam
365 1999 543 2080 particulae
573 2000 620 2062 uel
643 1999 925 2080 significationem,
960 2018 1057 2079 quam
1079 1997 1232 2061 vertimus
1251 2018 1341 2078 „zum

174 2099 339 2180 Beispiel“‚
364 2104 394 2162 et
416 2098 527 2162 Cicero
560 2098 591 2161 in
612 2099 756 2180 epistulis
778 2103 808 2163 et
830 2098 982 2161 Horatius
1005 2098 1036 2161 in
1065 2099 1265 2161 sermonibus
1286 2099 1342 2162 ad-

174 2199 283 2262 hibere
305 2199 469 2262 amabant.
510 2198 553 2261 Ut
582 2198 736 2262 nonnulla
770 2196 915 2278 exempla
946 2197 1096 2261 afferam:
1126 2197 1190 2260 Cic.
1214 2197 1256 2261 ad
1279 2197 1341 2260 div.

173 2299 230 2360 Vll
252 2299 293 2360 m
313 2300 431 2360 umoris
451 2299 576 2378 quidem
599 2301 663 2377 tui,
692 2319 813 2379 quoquo
835 2299 989 2374 manerii,
1012 2298 1143 2378 ueslipiu
1164 2296 1219 2377 (sc.
1242 2297 1341 2378 virleu)

172 2395 217 2457 uel
235 2398 382 2479 pruuime
406 2398 443 2459 de
467 2396 612 2477 Tipelli0;
635 2398 676 2461 ad
700 2397 774 2461 fam.
797 2397 823 2459 ll
847 2399 902 2476 133
926 2395 1003 2459 Hor.
1026 2399 1086 2459 sat.
1108 2396 1249 2473 1a1053

205 2519 244 2585 ‚Il
266 2518 337 2594 897
350 2538 418 2598 sqq.

323 2632 384 2696 Nos,
403 2634 519 2700 inquam,
539 2650 663 2688 cenamus
683 2635 748 2701 aris,
768 2634 915 2703 conchylia,
936 2633 1026 2702 piscia,

323 2717 413 2785 Longe
432 2718 587 2771 dissimilem
607 2723 670 2773 noto
690 2721 804 2773 celantia
824 2737 933 2773 sucum:

322 2802 358 2855 Ut
375 2803 416 2854 vel
436 2804 561 2856 continuo
581 2806 668 2874 patuit
687 2822 709 2858 e.
721 2824 745 2874 q.
756 2823 777 2861 s.

174 2920 236 2997 Qui
270 2920 353 2984 idem
388 2922 585 3001 significatus
617 2924 714 2987 eliam
745 2924 833 3006 apud
860 2923 1087 2988 Terentianum
1117 2922 1264 2986 Maurum
1295 2923 1342 2986 in-

174 3019 299 3082 venitur
331 3018 383 3099 (de
413 3020 504 3083 cuius
533 3040 593 3084 usu
615 3022 765 3103 loquendi
792 3021 828 3084 ei.
850 3021 979 3102 Werth,
1011 3022 1051 3085 de
1072 3020 1256 3084 Terentiani
1276 3040 1341 3084 ser-

171 3137 268 3182 mone
302 3122 334 3182 et
362 3120 484 3187 aetate,
517 3117 561 3181 ΓΙ.
585 3117 610 3180 J.
643 3119 725 3183 S.·B.
749 3120 849 3184 XXllI
880 3138 911 3200 p.
943 3119 1004 3182 355
1034 3122 1065 3182 et
1087 3117 1178 3198 375),
1211 3117 1265 3199 qui
1296 3118 1341 3180 sic

174 3218 285 3280 scribit
306 3238 335 3280 v.
359 3217 438 3280 1139
456 3236 502 3296 sq.

493 3333 530 3385 nil
550 3334 602 3385 iam
623 3333 739 3401 spondeo
759 3334 849 3386 videas
870 3351 1009 3402 superesse
1029 3334 1157 3400 relictum,

324 3418 372 3470 Vel
390 3425 420 3472 tu
439 3422 568 3474 ruricolae
587 3419 700 3488 primum
721 3421 829 3473 decurre
849 3422 973 3474 Maronis,

174 3536 269 3601 Vides
293 3537 390 3600 etiam
413 3538 465 3602 hic
486 3537 682 3603 tralaticium
704 3537 781 3601 illud
803 3542 850 3604 uel
872 3545 907 3602 lu
930 3540 1067 3603 retineri.

253 3654 299 3717 De
320 3654 367 3717 uel
389 3658 420 3718 et
443 3661 499 3718 uut
520 3656 608 3738 apud
625 3655 702 3719 iuris
719 3654 880 3717 consultos
896 3654 1063 3718 Romanos
1079 3657 1174 3720 obvio
1190 3656 1226 3719 ef.
1248 3656 1338 3721 Kalb.

171 3755 273 3816 Roms
296 3753 452 3832 dunsten,
481 3775 512 3836 p.
533 3757 588 3834 79,
621 3756 676 3837 qui
698 3755 871 3834 Ulpianum
903 3753 949 3816 uel
970 3754 1071 3818 mullo
1092 3757 1220 3837 saepius
1241 3776 1339 3837 quam

172 3862 228 3917 eut
250 3854 393 3936 posuisse
415 3854 533 3918 docuit.

247 4051 272 4118 l)
292 4050 449 4104 (lentaretur
467 4067 539 4102 nunc
558 4049 662 4103 lexicon
675 4051 863 4104 Petronianum
883 4051 941 4103 edd.
958 4049 1094 4117 Segebade
1113 4054 1139 4101 et
1157 4048 1339 4101 Lemmatzsch

172 4137 245 4206 Lips.
266 4137 342 4203 1891,
362 4154 386 4205 p.
408 4137 447 4189 17.
