<?xml version="1.0" encoding="UTF-8"?>
<!DOCTYPE html PUBLIC "-//W3C//DTD XHTML 1.0 Transitional//EN"
    "http://www.w3.org/TR/xhtml1/DTD/xhtml1-transitional.dtd">
<html xmlns="http://www.w3.org/1999/xhtml" xml:lang="en" lang="en">
 <head>
  <title>
</title>
<meta http-equiv="Content-Type" content="text/html;charset=utf-8" />
  <meta name='ocr-system' content='tesseract 3.04.00' />
  <meta name='ocr-capabilities' content='ocr_page ocr_carea ocr_par ocr_line ocrx_word'/>
</head>
<body>
  <div class='ocr_page' id='page_1' title='image "./develimperativo00kohlgoog_0027.png"; bbox 0 0 3030 4838; ppageno 0'>
   <div class='ocr_carea' id='block_1_1' title="bbox 651 412 856 477">
    <p class='ocr_par' dir='ltr' id='par_1_1' title="bbox 651 412 856 477">
     <span class='ocr_line' id='line_1_1' title="bbox 651 412 856 477; baseline 0 -18"><span class='ocrx_word' id='word_1_1' title='bbox 651 412 856 477; x_wconf 65' lang='grc'>..18-</span> 
     </span>
    </p>
   </div>
   <div class='ocr_carea' id='block_1_2' title="bbox 167 587 1351 3453">
    <p class='ocr_par' dir='ltr' id='par_1_2' title="bbox 167 587 1344 1166">
     <span class='ocr_line' id='line_1_2' title="bbox 167 587 1344 674; baseline 0.002 -22"><span class='ocrx_word' id='word_1_2' title='bbox 167 587 284 652; x_wconf 90' lang='lat' dir='ltr'>Plauto</span> <span class='ocrx_word' id='word_1_3' title='bbox 313 592 504 672; x_wconf 89' lang='lat' dir='ltr'>usurpatum</span> <span class='ocrx_word' id='word_1_4' title='bbox 533 591 672 655; x_wconf 89' lang='lat' dir='ltr'>eundem</span> <span class='ocrx_word' id='word_1_5' title='bbox 700 610 829 655; x_wconf 92' lang='lat' dir='ltr'>sensum</span> <span class='ocrx_word' id='word_1_6' title='bbox 860 592 1028 670; x_wconf 79' lang='lat' dir='ltr'>exhibeat,</span> <span class='ocrx_word' id='word_1_7' title='bbox 1057 611 1153 674; x_wconf 91' lang='lat' dir='ltr'>quem</span> <span class='ocrx_word' id='word_1_8' title='bbox 1183 591 1230 656; x_wconf 79' lang='lat' dir='ltr'>vel</span> <span class='ocrx_word' id='word_1_9' title='bbox 1260 589 1344 655; x_wconf 91' lang='lat' dir='ltr'>illud</span> 
     </span>
     <span class='ocr_line' id='line_1_3' title="bbox 167 687 1342 772; baseline 0.003 -24"><span class='ocrx_word' id='word_1_10' title='bbox 167 688 307 752; x_wconf 78' lang='lat' dir='ltr'>tesserae</span> <span class='ocrx_word' id='word_1_11' title='bbox 330 687 517 770; x_wconf 88' lang='lat' dir='ltr'>inscriptum</span> <span class='ocrx_word' id='word_1_12' title='bbox 537 689 657 754; x_wconf 90' lang='lat' dir='ltr'>habere</span> <span class='ocrx_word' id='word_1_13' title='bbox 679 691 855 755; x_wconf 80' lang='lat' dir='ltr'>affirmavi:</span> <span class='ocrx_word' id='word_1_14' title='bbox 878 692 911 755; x_wconf 92' lang='lat' dir='ltr'>id</span> <span class='ocrx_word' id='word_1_15' title='bbox 931 697 978 756; x_wconf 92' lang='lat' dir='ltr'>est</span> <span class='ocrx_word' id='word_1_16' title='bbox 1002 693 1114 772; x_wconf 81' lang='lat' dir='ltr'>incipe,</span> <span class='ocrx_word' id='word_1_17' title='bbox 1135 691 1191 772; x_wconf 80' lang='lat' dir='ltr'>fac</span> <span class='ocrx_word' id='word_1_18' title='bbox 1208 693 1342 755; x_wconf 80' lang='lat' dir='ltr'>iactum.</span> 
     </span>
     <span class='ocr_line' id='line_1_4' title="bbox 167 785 1342 872; baseline 0.003 -24"><span class='ocrx_word' id='word_1_19' title='bbox 167 785 313 868; x_wconf 90' lang='lat' dir='ltr'>Denique</span> <span class='ocrx_word' id='word_1_20' title='bbox 344 789 386 853; x_wconf 87' lang='lat' dir='ltr'>ad</span> <span class='ocrx_word' id='word_1_21' title='bbox 425 788 509 853; x_wconf 91' lang='lat' dir='ltr'>hanc</span> <span class='ocrx_word' id='word_1_22' title='bbox 539 791 713 853; x_wconf 81' lang='lat' dir='ltr'>tesserulae</span> <span class='ocrx_word' id='word_1_23' title='bbox 743 791 1040 872; x_wconf 69' lang='lat' dir='ltr'>interpretationem</span> <span class='ocrx_word' id='word_1_24' title='bbox 1072 792 1196 854; x_wconf 89' lang='lat' dir='ltr'>advoco</span> <span class='ocrx_word' id='word_1_25' title='bbox 1227 790 1342 866; x_wconf 88' lang='lat' dir='ltr'>etiam,</span> 
     </span>
     <span class='ocr_line' id='line_1_5' title="bbox 168 886 1341 972; baseline 0.003 -24"><span class='ocrx_word' id='word_1_26' title='bbox 168 886 256 967; x_wconf 89' lang='lat' dir='ltr'>quod</span> <span class='ocrx_word' id='word_1_27' title='bbox 277 887 310 950; x_wconf 91' lang='lat' dir='ltr'>in</span> <span class='ocrx_word' id='word_1_28' title='bbox 332 886 486 968; x_wconf 77' lang='lat' dir='ltr'>glossario</span> <span class='ocrx_word' id='word_1_29' title='bbox 503 889 643 953; x_wconf 91' lang='lat' dir='ltr'>vidimus</span> <span class='ocrx_word' id='word_1_30' title='bbox 663 909 762 970; x_wconf 90' lang='lat' dir='ltr'>supra</span> <span class='ocrx_word' id='word_1_31' title='bbox 780 911 811 971; x_wconf 91' lang='lat' dir='ltr'>p.</span> <span class='ocrx_word' id='word_1_32' title='bbox 832 892 869 954; x_wconf 85' lang='lat'>10</span> <span class='ocrx_word' id='word_1_33' title='bbox 891 893 938 954; x_wconf 81' lang='lat' dir='ltr'>vel</span> <span class='ocrx_word' id='word_1_34' title='bbox 955 890 1105 972; x_wconf 86' lang='lat' dir='ltr'>explicari</span> <span class='ocrx_word' id='word_1_35' title='bbox 1125 909 1203 953; x_wconf 90' lang='lat' dir='ltr'>voce</span> <span class='ocrx_word' id='word_1_36' title='bbox 1219 889 1341 953; x_wconf 83' lang='lat' dir='ltr'>statim.</span> 
     </span>
     <span class='ocr_line' id='line_1_6' title="bbox 170 984 1342 1071; baseline 0.003 -24"><span class='ocrx_word' id='word_1_37' title='bbox 170 984 215 1049; x_wconf 87' lang='lat' dir='ltr'>lta</span> <span class='ocrx_word' id='word_1_38' title='bbox 236 986 322 1050; x_wconf 91' lang='lat' dir='ltr'>enim</span> <span class='ocrx_word' id='word_1_39' title='bbox 344 987 456 1065; x_wconf 90' lang='lat' dir='ltr'>sentio,</span> <span class='ocrx_word' id='word_1_40' title='bbox 479 987 540 1051; x_wconf 89' lang='lat' dir='ltr'>hoc</span> <span class='ocrx_word' id='word_1_41' title='bbox 562 989 622 1053; x_wconf 93' lang='lat' dir='ltr'>sibi</span> <span class='ocrx_word' id='word_1_42' title='bbox 645 990 725 1054; x_wconf 91' lang='lat' dir='ltr'>velle</span> <span class='ocrx_word' id='word_1_43' title='bbox 742 991 809 1053; x_wconf 90' lang='lat' dir='ltr'>eius</span> <span class='ocrx_word' id='word_1_44' title='bbox 827 990 1076 1071; x_wconf 83' lang='lat' dir='ltr'>inscriptionem,</span> <span class='ocrx_word' id='word_1_45' title='bbox 1098 991 1264 1054; x_wconf 79' lang='lat' dir='ltr'>utstatim</span> <span class='ocrx_word' id='word_1_46' title='bbox 1289 989 1342 1052; x_wconf 89' lang='lat' dir='ltr'>vel</span> 
     </span>
     <span class='ocr_line' id='line_1_7' title="bbox 168 1083 839 1166; baseline 0.01 -20"><span class='ocrx_word' id='word_1_47' title='bbox 168 1083 250 1148; x_wconf 90' lang='lat' dir='ltr'>illico</span> <span class='ocrx_word' id='word_1_48' title='bbox 273 1086 435 1166; x_wconf 84' lang='lat' dir='ltr'>agendum</span> <span class='ocrx_word' id='word_1_49' title='bbox 459 1106 527 1151; x_wconf 90' lang='lat' dir='ltr'>esse</span> <span class='ocrx_word' id='word_1_50' title='bbox 549 1088 636 1152; x_wconf 93' lang='lat' dir='ltr'>lusor</span> <span class='ocrx_word' id='word_1_51' title='bbox 659 1093 839 1152; x_wconf 86' lang='lat' dir='ltr'>moneatur.</span> 
     </span>
    </p>

    <p class='ocr_par' dir='ltr' id='par_1_3' title="bbox 167 1184 1350 3156">
     <span class='ocr_line' id='line_1_8' title="bbox 251 1184 1345 1270; baseline 0 -23"><span class='ocrx_word' id='word_1_52' title='bbox 251 1184 399 1248; x_wconf 78' lang='lat' dir='ltr'>Fortasse</span> <span class='ocrx_word' id='word_1_53' title='bbox 421 1186 536 1268; x_wconf 90' lang='lat' dir='ltr'>aliquis</span> <span class='ocrx_word' id='word_1_54' title='bbox 565 1188 703 1252; x_wconf 89' lang='lat' dir='ltr'>miratur</span> <span class='ocrx_word' id='word_1_55' title='bbox 730 1207 833 1270; x_wconf 91' lang='lat' dir='ltr'>usque</span> <span class='ocrx_word' id='word_1_56' title='bbox 855 1187 898 1251; x_wconf 91' lang='lat' dir='ltr'>ad</span> <span class='ocrx_word' id='word_1_57' title='bbox 920 1185 1104 1251; x_wconf 83' lang='lat' dir='ltr'>Caesariani</span> <span class='ocrx_word' id='word_1_58' title='bbox 1137 1186 1250 1268; x_wconf 89' lang='lat' dir='ltr'>imperi</span> <span class='ocrx_word' id='word_1_59' title='bbox 1273 1185 1345 1266; x_wconf 89' lang='lat' dir='ltr'>pri·</span> 
     </span>
     <span class='ocr_line' id='line_1_9' title="bbox 167 1283 1344 1368; baseline -0.001 -21"><span class='ocrx_word' id='word_1_60' title='bbox 167 1301 256 1348; x_wconf 90' lang='lat' dir='ltr'>mum</span> <span class='ocrx_word' id='word_1_61' title='bbox 280 1284 460 1362; x_wconf 88' lang='lat' dir='ltr'>saeculum,</span> <span class='ocrx_word' id='word_1_62' title='bbox 493 1306 577 1368; x_wconf 90' lang='lat' dir='ltr'>quae</span> <span class='ocrx_word' id='word_1_63' title='bbox 606 1292 696 1352; x_wconf 90' lang='lat' dir='ltr'>aetas</span> <span class='ocrx_word' id='word_1_64' title='bbox 724 1288 794 1351; x_wconf 89' lang='lat' dir='ltr'>illas</span> <span class='ocrx_word' id='word_1_65' title='bbox 818 1290 956 1351; x_wconf 90' lang='lat' dir='ltr'>tesseras</span> <span class='ocrx_word' id='word_1_66' title='bbox 984 1287 1173 1367; x_wconf 84' lang='lat' dir='ltr'>exsculpsit,</span> <span class='ocrx_word' id='word_1_67' title='bbox 1201 1285 1248 1349; x_wconf 86' lang='lat' dir='ltr'>vel</span> <span class='ocrx_word' id='word_1_68' title='bbox 1279 1283 1344 1348; x_wconf 89' lang='lat' dir='ltr'>sibi</span> 
     </span>
     <span class='ocr_line' id='line_1_10' title="bbox 167 1383 1344 1467; baseline 0.003 -24"><span class='ocrx_word' id='word_1_69' title='bbox 167 1399 312 1446; x_wconf 91' lang='lat' dir='ltr'>servasse</span> <span class='ocrx_word' id='word_1_70' title='bbox 333 1385 474 1465; x_wconf 83' lang='lat' dir='ltr'>priscam</span> <span class='ocrx_word' id='word_1_71' title='bbox 495 1406 588 1450; x_wconf 91' lang='lat' dir='ltr'>suam</span> <span class='ocrx_word' id='word_1_72' title='bbox 611 1387 694 1463; x_wconf 90' lang='lat' dir='ltr'>vim,</span> <span class='ocrx_word' id='word_1_73' title='bbox 726 1387 816 1450; x_wconf 93' lang='lat' dir='ltr'>cuius</span> <span class='ocrx_word' id='word_1_74' title='bbox 837 1387 971 1467; x_wconf 81' lang='lat' dir='ltr'>vestigia</span> <span class='ocrx_word' id='word_1_75' title='bbox 997 1406 1062 1449; x_wconf 93' lang='lat' dir='ltr'>non</span> <span class='ocrx_word' id='word_1_76' title='bbox 1092 1386 1150 1450; x_wconf 92' lang='lat' dir='ltr'>nisi</span> <span class='ocrx_word' id='word_1_77' title='bbox 1172 1384 1286 1448; x_wconf 90' lang='lat' dir='ltr'>tenuia</span> <span class='ocrx_word' id='word_1_78' title='bbox 1309 1383 1344 1446; x_wconf 92' lang='lat' dir='ltr'>in</span> 
     </span>
     <span class='ocr_line' id='line_1_11' title="bbox 168 1478 1346 1567; baseline 0.003 -25"><span class='ocrx_word' id='word_1_79' title='bbox 168 1478 280 1544; x_wconf 89' lang='lat' dir='ltr'>litteris</span> <span class='ocrx_word' id='word_1_80' title='bbox 302 1482 460 1548; x_wconf 86' lang='lat' dir='ltr'>Romanis</span> <span class='ocrx_word' id='word_1_81' title='bbox 488 1485 630 1550; x_wconf 89' lang='lat' dir='ltr'>eiusdem</span> <span class='ocrx_word' id='word_1_82' title='bbox 661 1487 731 1549; x_wconf 89' lang='lat' dir='ltr'>aevi</span> <span class='ocrx_word' id='word_1_83' title='bbox 762 1486 976 1551; x_wconf 87' lang='lat' dir='ltr'>inveniuntur.</span> <span class='ocrx_word' id='word_1_84' title='bbox 1033 1485 1143 1567; x_wconf 85' lang='lat' dir='ltr'>Neque</span> <span class='ocrx_word' id='word_1_85' title='bbox 1171 1503 1249 1547; x_wconf 90' lang='lat' dir='ltr'>vero</span> <span class='ocrx_word' id='word_1_86' title='bbox 1281 1502 1346 1546; x_wconf 92' lang='lat' dir='ltr'>nos</span> 
     </span>
     <span class='ocr_line' id='line_1_12' title="bbox 169 1577 1344 1668; baseline 0.003 -28"><span class='ocrx_word' id='word_1_87' title='bbox 169 1577 221 1642; x_wconf 91' lang='lat' dir='ltr'>hic</span> <span class='ocrx_word' id='word_1_88' title='bbox 244 1580 276 1644; x_wconf 92' lang='lat' dir='ltr'>in</span> <span class='ocrx_word' id='word_1_89' title='bbox 298 1582 424 1647; x_wconf 89' lang='lat' dir='ltr'>urbano</span> <span class='ocrx_word' id='word_1_90' title='bbox 454 1590 486 1649; x_wconf 89' lang='lat' dir='ltr'>et</span> <span class='ocrx_word' id='word_1_91' title='bbox 513 1586 670 1668; x_wconf 90' lang='lat' dir='ltr'>perpolito</span> <span class='ocrx_word' id='word_1_92' title='bbox 694 1605 863 1668; x_wconf 89' lang='lat' dir='ltr'>procerum</span> <span class='ocrx_word' id='word_1_93' title='bbox 893 1605 1041 1649; x_wconf 91' lang='lat' dir='ltr'>sermone</span> <span class='ocrx_word' id='word_1_94' title='bbox 1063 1602 1247 1658; x_wconf 88' lang='lat' dir='ltr'>versamur,</span> <span class='ocrx_word' id='word_1_95' title='bbox 1284 1581 1344 1645; x_wconf 90' lang='lat' dir='ltr'>sed</span> 
     </span>
     <span class='ocr_line' id='line_1_13' title="bbox 169 1677 1345 1766; baseline 0.003 -25"><span class='ocrx_word' id='word_1_96' title='bbox 169 1677 202 1742; x_wconf 89' lang='lat' dir='ltr'>in</span> <span class='ocrx_word' id='word_1_97' title='bbox 232 1680 397 1762; x_wconf 86' lang='lat' dir='ltr'>popularis</span> <span class='ocrx_word' id='word_1_98' title='bbox 426 1683 554 1765; x_wconf 87' lang='lat' dir='ltr'>linguae</span> <span class='ocrx_word' id='word_1_99' title='bbox 582 1684 724 1766; x_wconf 89' lang='lat' dir='ltr'>reliquiis</span> <span class='ocrx_word' id='word_1_100' title='bbox 746 1685 796 1765; x_wconf 85' lang='lat' dir='ltr'>(cf.</span> <span class='ocrx_word' id='word_1_101' title='bbox 820 1685 1051 1750; x_wconf 90' lang='lat' dir='ltr'>Buechelerum</span> <span class='ocrx_word' id='word_1_102' title='bbox 1076 1683 1093 1746; x_wconf 94' lang='lat' dir='ltr'>l.</span> <span class='ocrx_word' id='word_1_103' title='bbox 1118 1684 1171 1761; x_wconf 69' lang='lat' dir='ltr'>dl.</span> <span class='ocrx_word' id='word_1_104' title='bbox 1224 1683 1345 1746; x_wconf 90' lang='lat' dir='ltr'>Nonne</span> 
     </span>
     <span class='ocr_line' id='line_1_14' title="bbox 170 1777 1345 1866; baseline 0.004 -27"><span class='ocrx_word' id='word_1_105' title='bbox 170 1777 237 1842; x_wconf 89' lang='lat' dir='ltr'>lieri</span> <span class='ocrx_word' id='word_1_106' title='bbox 259 1781 372 1861; x_wconf 92' lang='lat' dir='ltr'>potuit,</span> <span class='ocrx_word' id='word_1_107' title='bbox 396 1787 432 1846; x_wconf 91' lang='lat' dir='ltr'>ut</span> <span class='ocrx_word' id='word_1_108' title='bbox 454 1783 486 1846; x_wconf 91' lang='lat' dir='ltr'>in</span> <span class='ocrx_word' id='word_1_109' title='bbox 508 1784 656 1866; x_wconf 90' lang='lat' dir='ltr'>populari</span> <span class='ocrx_word' id='word_1_110' title='bbox 679 1803 827 1848; x_wconf 88' lang='lat' dir='ltr'>sermone</span> <span class='ocrx_word' id='word_1_111' title='bbox 850 1785 947 1849; x_wconf 89' lang='lat' dir='ltr'>modo</span> <span class='ocrx_word' id='word_1_112' title='bbox 969 1801 1126 1846; x_wconf 89' lang='lat' dir='ltr'>novarum</span> <span class='ocrx_word' id='word_1_113' title='bbox 1151 1800 1260 1844; x_wconf 90' lang='lat' dir='ltr'>rerum</span> <span class='ocrx_word' id='word_1_114' title='bbox 1285 1801 1345 1844; x_wconf 94' lang='lat' dir='ltr'>cu·</span> 
     </span>
     <span class='ocr_line' id='line_1_15' title="bbox 170 1877 1346 1964; baseline 0.003 -23"><span class='ocrx_word' id='word_1_115' title='bbox 170 1877 255 1960; x_wconf 90' lang='lat' dir='ltr'>pido,</span> <span class='ocrx_word' id='word_1_116' title='bbox 284 1881 381 1945; x_wconf 91' lang='lat' dir='ltr'>modo</span> <span class='ocrx_word' id='word_1_117' title='bbox 411 1884 592 1964; x_wconf 89' lang='lat' dir='ltr'>priscarum</span> <span class='ocrx_word' id='word_1_118' title='bbox 622 1884 827 1947; x_wconf 91' lang='lat' dir='ltr'>tenacissimo</span> <span class='ocrx_word' id='word_1_119' title='bbox 867 1883 1020 1963; x_wconf 92' lang='lat' dir='ltr'>antiquus</span> <span class='ocrx_word' id='word_1_120' title='bbox 1050 1881 1261 1962; x_wconf 88' lang='lat' dir='ltr'>imperativus</span> <span class='ocrx_word' id='word_1_121' title='bbox 1294 1879 1346 1944; x_wconf 75' lang='lat' dir='ltr'>vet</span> 
     </span>
     <span class='ocr_line' id='line_1_16' title="bbox 170 1977 1347 2062; baseline 0.001 -21"><span class='ocrx_word' id='word_1_122' title='bbox 170 1977 377 2044; x_wconf 89' lang='lat' dir='ltr'>sollemnibus</span> <span class='ocrx_word' id='word_1_123' title='bbox 407 1981 552 2045; x_wconf 85' lang='lat' dir='ltr'>formulis</span> <span class='ocrx_word' id='word_1_124' title='bbox 580 1981 720 2045; x_wconf 92' lang='lat' dir='ltr'>inclusus</span> <span class='ocrx_word' id='word_1_125' title='bbox 748 1986 780 2043; x_wconf 91' lang='lat' dir='ltr'>et</span> <span class='ocrx_word' id='word_1_126' title='bbox 810 1981 901 2062; x_wconf 87' lang='lat' dir='ltr'>quasi</span> <span class='ocrx_word' id='word_1_127' title='bbox 932 1980 1062 2044; x_wconf 91' lang='lat' dir='ltr'>abditus</span> <span class='ocrx_word' id='word_1_128' title='bbox 1089 1980 1211 2043; x_wconf 92' lang='lat' dir='ltr'>viveret</span> <span class='ocrx_word' id='word_1_129' title='bbox 1239 1983 1347 2060; x_wconf 88' lang='lat' dir='ltr'>atque</span> 
     </span>
     <span class='ocr_line' id='line_1_17' title="bbox 169 2077 1346 2160; baseline 0 -20"><span class='ocrx_word' id='word_1_130' title='bbox 169 2078 315 2160; x_wconf 72' lang='lat' dir='ltr'>vigeret?</span> <span class='ocrx_word' id='word_1_131' title='bbox 366 2080 523 2144; x_wconf 91' lang='lat' dir='ltr'>Nimirum</span> <span class='ocrx_word' id='word_1_132' title='bbox 554 2081 639 2144; x_wconf 91' lang='lat' dir='ltr'>idem</span> <span class='ocrx_word' id='word_1_133' title='bbox 666 2099 772 2144; x_wconf 88' lang='lat' dir='ltr'>sermo</span> <span class='ocrx_word' id='word_1_134' title='bbox 794 2084 923 2142; x_wconf 88' lang='lat' dir='ltr'>secutus</span> <span class='ocrx_word' id='word_1_135' title='bbox 943 2079 1082 2160; x_wconf 88' lang='lat' dir='ltr'>priscam</span> <span class='ocrx_word' id='word_1_136' title='bbox 1104 2077 1346 2160; x_wconf 88' lang='lat' dir='ltr'>pronuntiandi</span> 
     </span>
     <span class='ocr_line' id='line_1_18' title="bbox 169 2178 1344 2261; baseline -0.001 -20"><span class='ocrx_word' id='word_1_137' title='bbox 169 2182 202 2241; x_wconf 89' lang='lat' dir='ltr'>et</span> <span class='ocrx_word' id='word_1_138' title='bbox 225 2179 384 2242; x_wconf 92' lang='lat' dir='ltr'>scribendi</span> <span class='ocrx_word' id='word_1_139' title='bbox 406 2180 581 2258; x_wconf 92' lang='lat' dir='ltr'>rationem,</span> <span class='ocrx_word' id='word_1_140' title='bbox 610 2200 708 2261; x_wconf 91' lang='lat' dir='ltr'>quam</span> <span class='ocrx_word' id='word_1_141' title='bbox 732 2199 808 2243; x_wconf 85' lang='lat' dir='ltr'>usus</span> <span class='ocrx_word' id='word_1_142' title='bbox 830 2181 1041 2261; x_wconf 90' lang='lat' dir='ltr'>posteriorum</span> <span class='ocrx_word' id='word_1_143' title='bbox 1066 2183 1248 2259; x_wconf 88' lang='lat' dir='ltr'>temporum</span> <span class='ocrx_word' id='word_1_144' title='bbox 1275 2178 1344 2240; x_wconf 90' lang='lat' dir='ltr'>iam</span> 
     </span>
     <span class='ocr_line' id='line_1_19' title="bbox 170 2277 1345 2361; baseline -0.001 -20"><span class='ocrx_word' id='word_1_145' title='bbox 170 2277 292 2342; x_wconf 90' lang='lat' dir='ltr'>dudum</span> <span class='ocrx_word' id='word_1_146' title='bbox 316 2279 511 2358; x_wconf 88' lang='lat' dir='ltr'>aboleverat,</span> <span class='ocrx_word' id='word_1_147' title='bbox 534 2280 566 2343; x_wconf 92' lang='lat' dir='ltr'>in</span> <span class='ocrx_word' id='word_1_148' title='bbox 589 2279 848 2361; x_wconf 88' lang='lat' dir='ltr'>inscriptionibus</span> <span class='ocrx_word' id='word_1_149' title='bbox 870 2283 1062 2343; x_wconf 89' lang='lat' dir='ltr'>tesserarum</span> <span class='ocrx_word' id='word_1_150' title='bbox 1086 2278 1164 2341; x_wconf 88' lang='lat' dir='ltr'>talia</span> <span class='ocrx_word' id='word_1_151' title='bbox 1186 2277 1345 2353; x_wconf 89' lang='lat' dir='ltr'>servavit,</span> 
     </span>
     <span class='ocr_line' id='line_1_20' title="bbox 170 2377 1348 2459; baseline -0.002 -19"><span class='ocrx_word' id='word_1_152' title='bbox 170 2378 278 2458; x_wconf 87' lang='lat' dir='ltr'>qualia</span> <span class='ocrx_word' id='word_1_153' title='bbox 300 2384 391 2443; x_wconf 87' lang='lat' dir='ltr'>sunt:</span> <span class='ocrx_word' id='word_1_154' title='bbox 417 2381 521 2459; x_wconf 81' lang='lat' dir='ltr'>moire,</span> <span class='ocrx_word' id='word_1_155' title='bbox 544 2381 693 2444; x_wconf 77' lang='lat' dir='ltr'>einoldus</span> <span class='ocrx_word' id='word_1_156' title='bbox 724 2378 827 2459; x_wconf 89' lang='lat' dir='ltr'>(cuius</span> <span class='ocrx_word' id='word_1_157' title='bbox 848 2380 935 2443; x_wconf 90' lang='lat' dir='ltr'>vocis</span> <span class='ocrx_word' id='word_1_158' title='bbox 957 2379 1056 2443; x_wconf 90' lang='lat' dir='ltr'>latina</span> <span class='ocrx_word' id='word_1_159' title='bbox 1080 2377 1265 2441; x_wconf 89' lang='lat' dir='ltr'>terminatio</span> <span class='ocrx_word' id='word_1_160' title='bbox 1289 2397 1348 2439; x_wconf 83' lang='lat' dir='ltr'>-uc</span> 
     </span>
     <span class='ocr_line' id='line_1_21' title="bbox 170 2475 1347 2560; baseline 0.001 -20"><span class='ocrx_word' id='word_1_161' title='bbox 170 2476 371 2543; x_wconf 89' lang='lat' dir='ltr'>demonstrat</span> <span class='ocrx_word' id='word_1_162' title='bbox 402 2480 442 2542; x_wconf 90' lang='lat' dir='ltr'>de</span> <span class='ocrx_word' id='word_1_163' title='bbox 475 2499 590 2560; x_wconf 78' lang='lat' dir='ltr'>graeca</span> <span class='ocrx_word' id='word_1_164' title='bbox 622 2479 724 2543; x_wconf 84' lang='lat' dir='ltr'>forma</span> <span class='ocrx_word' id='word_1_165' title='bbox 757 2499 822 2543; x_wconf 90' lang='lat' dir='ltr'>non</span> <span class='ocrx_word' id='word_1_166' title='bbox 855 2479 1062 2560; x_wconf 84' lang='lat' dir='ltr'>cogitandum</span> <span class='ocrx_word' id='word_1_167' title='bbox 1094 2477 1192 2556; x_wconf 81' lang='lat' dir='ltr'>esse),</span> <span class='ocrx_word' id='word_1_168' title='bbox 1230 2475 1347 2557; x_wconf 76' lang='lat' dir='ltr'>fanco,</span> 
     </span>
     <span class='ocr_line' id='line_1_22' title="bbox 169 2573 1346 2662; baseline -0.001 -22"><span class='ocrx_word' id='word_1_169' title='bbox 169 2584 348 2655; x_wconf 80' lang='lat' dir='ltr'>sturnacosc,</span> <span class='ocrx_word' id='word_1_170' title='bbox 371 2579 515 2662; x_wconf 79' lang='lat' dir='ltr'>iapudes.</span> <span class='ocrx_word' id='word_1_171' title='bbox 549 2579 674 2642; x_wconf 89' lang='lat' dir='ltr'>Scilicet</span> <span class='ocrx_word' id='word_1_172' title='bbox 695 2578 827 2643; x_wconf 89' lang='lat' dir='ltr'>omnino</span> <span class='ocrx_word' id='word_1_173' title='bbox 846 2576 987 2641; x_wconf 77' lang='lat' dir='ltr'>litteral</span> <span class='ocrx_word' id='word_1_174' title='bbox 1010 2576 1099 2639; x_wconf 88' lang='lat' dir='ltr'>deest</span> <span class='ocrx_word' id='word_1_175' title='bbox 1115 2594 1219 2657; x_wconf 89' lang='lat' dir='ltr'>neque</span> <span class='ocrx_word' id='word_1_176' title='bbox 1234 2573 1346 2639; x_wconf 89' lang='lat' dir='ltr'>solum</span> 
     </span>
     <span class='ocr_line' id='line_1_23' title="bbox 170 2673 1349 2760; baseline -0.003 -20"><span class='ocrx_word' id='word_1_177' title='bbox 170 2679 264 2741; x_wconf 74' lang='lat' dir='ltr'>rnotce</span> <span class='ocrx_word' id='word_1_178' title='bbox 284 2678 428 2758; x_wconf 69' lang='lat' dir='ltr'>legimus</span> <span class='ocrx_word' id='word_1_179' title='bbox 447 2678 504 2742; x_wconf 89' lang='lat' dir='ltr'>sed</span> <span class='ocrx_word' id='word_1_180' title='bbox 519 2679 617 2742; x_wconf 90' lang='lat' dir='ltr'>etiam</span> <span class='ocrx_word' id='word_1_181' title='bbox 630 2679 735 2758; x_wconf 81' lang='lat' dir='ltr'>police</span> <span class='ocrx_word' id='word_1_182' title='bbox 757 2677 802 2758; x_wconf 87' lang='lat' dir='ltr'>(et</span> <span class='ocrx_word' id='word_1_183' title='bbox 819 2673 947 2760; x_wconf 79' lang='lat' dir='ltr'>orpus).</span> <span class='ocrx_word' id='word_1_184' title='bbox 990 2675 1062 2753; x_wconf 89' lang='lat' dir='ltr'>Qua</span> <span class='ocrx_word' id='word_1_185' title='bbox 1084 2674 1256 2737; x_wconf 90' lang='lat' dir='ltr'>omissione</span> <span class='ocrx_word' id='word_1_186' title='bbox 1277 2678 1349 2737; x_wconf 89' lang='lat' dir='ltr'>tes·</span> 
     </span>
     <span class='ocr_line' id='line_1_24' title="bbox 170 2773 1346 2856; baseline -0.004 -16"><span class='ocrx_word' id='word_1_187' title='bbox 170 2796 261 2840; x_wconf 90' lang='lat' dir='ltr'>serae</span> <span class='ocrx_word' id='word_1_188' title='bbox 283 2796 356 2839; x_wconf 93' lang='lat' dir='ltr'>eum</span> <span class='ocrx_word' id='word_1_189' title='bbox 386 2796 478 2840; x_wconf 88' lang='lat' dir='ltr'>usum</span> <span class='ocrx_word' id='word_1_190' title='bbox 502 2781 729 2852; x_wconf 91' lang='lat' dir='ltr'>servaverunt,</span> <span class='ocrx_word' id='word_1_191' title='bbox 761 2775 815 2856; x_wconf 92' lang='lat' dir='ltr'>qui</span> <span class='ocrx_word' id='word_1_192' title='bbox 849 2793 949 2855; x_wconf 92' lang='lat' dir='ltr'>usque</span> <span class='ocrx_word' id='word_1_193' title='bbox 978 2774 1020 2836; x_wconf 90' lang='lat' dir='ltr'>ad</span> <span class='ocrx_word' id='word_1_194' title='bbox 1044 2773 1175 2835; x_wconf 90' lang='lat' dir='ltr'>Mummi</span> <span class='ocrx_word' id='word_1_195' title='bbox 1197 2774 1346 2836; x_wconf 89' lang='lat' dir='ltr'>aetatem</span> 
     </span>
     <span class='ocr_line' id='line_1_25' title="bbox 170 2871 1347 2957; baseline -0.003 -19"><span class='ocrx_word' id='word_1_196' title='bbox 170 2876 220 2939; x_wconf 92' lang='lat' dir='ltr'>vel</span> <span class='ocrx_word' id='word_1_197' title='bbox 241 2895 344 2957; x_wconf 92' lang='lat' dir='ltr'>usque</span> <span class='ocrx_word' id='word_1_198' title='bbox 368 2877 411 2939; x_wconf 90' lang='lat' dir='ltr'>ad</span> <span class='ocrx_word' id='word_1_199' title='bbox 432 2875 604 2957; x_wconf 88' lang='lat' dir='ltr'>pueritiam</span> <span class='ocrx_word' id='word_1_200' title='bbox 628 2873 790 2937; x_wconf 85' lang='lat' dir='ltr'>Ciceronis</span> <span class='ocrx_word' id='word_1_201' title='bbox 814 2873 968 2937; x_wconf 90' lang='lat' dir='ltr'>valuerat.</span> <span class='ocrx_word' id='word_1_202' title='bbox 1002 2871 1112 2936; x_wconf 82' lang='lat' dir='ltr'>Fauen</span> <span class='ocrx_word' id='word_1_203' title='bbox 1133 2876 1243 2936; x_wconf 91' lang='lat' dir='ltr'>autem</span> <span class='ocrx_word' id='word_1_204' title='bbox 1267 2890 1347 2935; x_wconf 87' lang='lat' dir='ltr'>earn</span> 
     </span>
     <span class='ocr_line' id='line_1_26' title="bbox 170 2970 1350 3055; baseline -0.003 -17"><span class='ocrx_word' id='word_1_205' title='bbox 170 2975 420 3055; x_wconf 86' lang='lat' dir='ltr'>geminationem</span> <span class='ocrx_word' id='word_1_206' title='bbox 443 2975 600 3051; x_wconf 90' lang='lat' dir='ltr'>ostendit,</span> <span class='ocrx_word' id='word_1_207' title='bbox 630 2992 728 3054; x_wconf 91' lang='lat' dir='ltr'>quam</span> <span class='ocrx_word' id='word_1_208' title='bbox 753 2992 826 3036; x_wconf 91' lang='lat' dir='ltr'>cum</span> <span class='ocrx_word' id='word_1_209' title='bbox 848 2974 964 3037; x_wconf 90' lang='lat' dir='ltr'>Accius</span> <span class='ocrx_word' id='word_1_210' title='bbox 985 2970 1178 3049; x_wconf 86' lang='lat' dir='ltr'>induxisset,</span> <span class='ocrx_word' id='word_1_211' title='bbox 1200 2970 1350 3035; x_wconf 87' lang='lat' dir='ltr'>Lucilius</span> 
     </span>
     <span class='ocr_line' id='line_1_27' title="bbox 170 3070 1348 3156; baseline -0.002 -19"><span class='ocrx_word' id='word_1_212' title='bbox 170 3073 357 3155; x_wconf 87' lang='lat' dir='ltr'>repressisse</span> <span class='ocrx_word' id='word_1_213' title='bbox 369 3075 504 3151; x_wconf 85' lang='lat' dir='ltr'>videtur,</span> <span class='ocrx_word' id='word_1_214' title='bbox 520 3091 650 3156; x_wconf 89' lang='lat' dir='ltr'>quaque</span> <span class='ocrx_word' id='word_1_215' title='bbox 666 3070 707 3134; x_wconf 88' lang='lat' dir='ltr'>ad</span> <span class='ocrx_word' id='word_1_216' title='bbox 722 3072 839 3135; x_wconf 89' lang='lat' dir='ltr'>saeculi</span> <span class='ocrx_word' id='word_1_217' title='bbox 856 3073 924 3136; x_wconf 88' lang='lat' dir='ltr'>lla.</span> <span class='ocrx_word' id='word_1_218' title='bbox 934 3072 1008 3136; x_wconf 84' lang='lat' dir='ltr'>Chr.</span> <span class='ocrx_word' id='word_1_219' title='bbox 1018 3092 1049 3135; x_wconf 94' lang='lat' dir='ltr'>n.</span> <span class='ocrx_word' id='word_1_220' title='bbox 1065 3072 1161 3134; x_wconf 86' lang='lat' dir='ltr'>linem</span> <span class='ocrx_word' id='word_1_221' title='bbox 1181 3070 1348 3135; x_wconf 89' lang='lat' dir='ltr'>ducimur.</span> 
     </span>
    </p>

    <p class='ocr_par' dir='ltr' id='par_1_4' title="bbox 171 3170 1351 3453">
     <span class='ocr_line' id='line_1_28' title="bbox 254 3170 1348 3254; baseline -0.004 -17"><span class='ocrx_word' id='word_1_222' title='bbox 254 3173 361 3254; x_wconf 81' lang='lat' dir='ltr'>Magni</span> <span class='ocrx_word' id='word_1_223' title='bbox 382 3191 459 3250; x_wconf 68' lang='lat' dir='ltr'>ergo</span> <span class='ocrx_word' id='word_1_224' title='bbox 474 3172 568 3254; x_wconf 90' lang='lat' dir='ltr'>pretii</span> <span class='ocrx_word' id='word_1_225' title='bbox 584 3171 734 3251; x_wconf 80' lang='lat' dir='ltr'>exiguum</span> <span class='ocrx_word' id='word_1_226' title='bbox 752 3170 813 3235; x_wconf 91' lang='lat' dir='ltr'>hoc</span> <span class='ocrx_word' id='word_1_227' title='bbox 830 3171 1010 3253; x_wconf 86' lang='lat' dir='ltr'>imperativi</span> <span class='ocrx_word' id='word_1_228' title='bbox 1032 3170 1077 3234; x_wconf 84' lang='lat' dir='ltr'>vel</span> <span class='ocrx_word' id='word_1_229' title='bbox 1094 3172 1348 3233; x_wconf 88' lang='lat' dir='ltr'>monumentum</span> 
     </span>
     <span class='ocr_line' id='line_1_29' title="bbox 171 3268 1351 3353; baseline -0.004 -14"><span class='ocrx_word' id='word_1_230' title='bbox 171 3293 241 3339; x_wconf 90' lang='lat' dir='ltr'>osse</span> <span class='ocrx_word' id='word_1_231' title='bbox 269 3274 320 3338; x_wconf 93' lang='lat' dir='ltr'>vel</span> <span class='ocrx_word' id='word_1_232' title='bbox 349 3274 445 3337; x_wconf 91' lang='lat' dir='ltr'>ebore</span> <span class='ocrx_word' id='word_1_233' title='bbox 484 3276 634 3336; x_wconf 86' lang='lat' dir='ltr'>exactum</span> <span class='ocrx_word' id='word_1_234' title='bbox 670 3289 738 3334; x_wconf 89' lang='lat' dir='ltr'>esse</span> <span class='ocrx_word' id='word_1_235' title='bbox 777 3269 848 3334; x_wconf 90' lang='lat' dir='ltr'>dico</span> <span class='ocrx_word' id='word_1_236' title='bbox 880 3276 978 3353; x_wconf 90' lang='lat' dir='ltr'>atque</span> <span class='ocrx_word' id='word_1_237' title='bbox 1004 3271 1155 3350; x_wconf 85' lang='lat' dir='ltr'>dignum,</span> <span class='ocrx_word' id='word_1_238' title='bbox 1191 3268 1281 3350; x_wconf 92' lang='lat' dir='ltr'>quod</span> <span class='ocrx_word' id='word_1_239' title='bbox 1312 3269 1351 3334; x_wconf 90' lang='lat' dir='ltr'>in</span> 
     </span>
     <span class='ocr_line' id='line_1_30' title="bbox 171 3371 909 3453; baseline -0.003 -18"><span class='ocrx_word' id='word_1_240' title='bbox 171 3373 266 3438; x_wconf 89' lang='lat' dir='ltr'>huius</span> <span class='ocrx_word' id='word_1_241' title='bbox 288 3372 587 3438; x_wconf 88' lang='lat' dir='ltr'>dissertatiunculae</span> <span class='ocrx_word' id='word_1_242' title='bbox 608 3374 750 3453; x_wconf 88' lang='lat' dir='ltr'>ponatur</span> <span class='ocrx_word' id='word_1_243' title='bbox 769 3371 909 3436; x_wconf 88' lang='lat' dir='ltr'>exordio.</span> 
     </span>
    </p>
   </div>
   <div class='ocr_carea' id='block_1_3' title="bbox 525 3588 982 3664">
    <p class='ocr_par' dir='ltr' id='par_1_5' title="bbox 525 3588 982 3664">
     <span class='ocr_line' id='line_1_31' title="bbox 525 3588 982 3664; baseline -0.007 0"><span class='ocrx_word' id='word_1_244' title='bbox 525 3590 593 3664; x_wconf 92' lang='lat' dir='ltr'>IV.</span> <span class='ocrx_word' id='word_1_245' title='bbox 623 3597 709 3661; x_wconf 81' lang='lat' dir='ltr'>Ant</span> <span class='ocrx_word' id='word_1_246' title='bbox 728 3588 982 3661; x_wconf 89' lang='lat' dir='ltr'>Plautinum.</span> 
     </span>
    </p>
   </div>
   <div class='ocr_carea' id='block_1_4' title="bbox 172 3727 1355 4312">
    <p class='ocr_par' dir='ltr' id='par_1_6' title="bbox 172 3727 1355 4312">
     <span class='ocr_line' id='line_1_32' title="bbox 255 3727 1351 3812; baseline -0.002 -16"><span class='ocrx_word' id='word_1_247' title='bbox 255 3732 335 3796; x_wconf 86' lang='lat' dir='ltr'>Cum</span> <span class='ocrx_word' id='word_1_248' title='bbox 360 3732 400 3795; x_wconf 90' lang='lat' dir='ltr'>de</span> <span class='ocrx_word' id='word_1_249' title='bbox 421 3734 468 3797; x_wconf 83' lang='lat' dir='ltr'>vel</span> <span class='ocrx_word' id='word_1_250' title='bbox 489 3731 591 3796; x_wconf 91' lang='lat' dir='ltr'>multa</span> <span class='ocrx_word' id='word_1_251' title='bbox 612 3731 676 3795; x_wconf 94' lang='lat' dir='ltr'>iam</span> <span class='ocrx_word' id='word_1_252' title='bbox 699 3730 819 3812; x_wconf 89' lang='lat' dir='ltr'>scripta</span> <span class='ocrx_word' id='word_1_253' title='bbox 841 3730 905 3792; x_wconf 90' lang='lat' dir='ltr'>sint</span> <span class='ocrx_word' id='word_1_254' title='bbox 926 3748 946 3792; x_wconf 92' lang='lat' dir='ltr'>a</span> <span class='ocrx_word' id='word_1_255' title='bbox 967 3728 1043 3791; x_wconf 89' lang='lat' dir='ltr'>viris</span> <span class='ocrx_word' id='word_1_256' title='bbox 1062 3727 1173 3805; x_wconf 91' lang='lat' dir='ltr'>doctis,</span> <span class='ocrx_word' id='word_1_257' title='bbox 1196 3733 1253 3791; x_wconf 82' lang='lat' dir='ltr'>aut</span> <span class='ocrx_word' id='word_1_258' title='bbox 1268 3746 1351 3809; x_wconf 86' lang='lat' dir='ltr'>par-</span> 
     </span>
     <span class='ocr_line' id='line_1_33' title="bbox 172 3826 1352 3914; baseline 0 -20"><span class='ocrx_word' id='word_1_259' title='bbox 172 3832 290 3895; x_wconf 92' lang='lat' dir='ltr'>ticulae</span> <span class='ocrx_word' id='word_1_260' title='bbox 311 3851 388 3896; x_wconf 89' lang='lat' dir='ltr'>usus</span> <span class='ocrx_word' id='word_1_261' title='bbox 402 3832 569 3897; x_wconf 89' lang='lat' dir='ltr'>Plautinus</span> <span class='ocrx_word' id='word_1_262' title='bbox 584 3835 742 3914; x_wconf 90' lang='lat' dir='ltr'>quantum</span> <span class='ocrx_word' id='word_1_263' title='bbox 759 3830 825 3893; x_wconf 92' lang='lat' dir='ltr'>scio</span> <span class='ocrx_word' id='word_1_264' title='bbox 841 3848 945 3910; x_wconf 89' lang='lat' dir='ltr'>paene</span> <span class='ocrx_word' id='word_1_265' title='bbox 961 3828 1125 3908; x_wconf 84' lang='lat' dir='ltr'>neglectus</span> <span class='ocrx_word' id='word_1_266' title='bbox 1139 3831 1197 3891; x_wconf 89' lang='lat' dir='ltr'>est.</span> <span class='ocrx_word' id='word_1_267' title='bbox 1228 3826 1352 3912; x_wconf 91' lang='lat' dir='ltr'>Neque</span> 
     </span>
     <span class='ocr_line' id='line_1_34' title="bbox 172 3926 1351 4008; baseline -0.001 -13"><span class='ocrx_word' id='word_1_268' title='bbox 172 3932 256 3996; x_wconf 90' lang='lat' dir='ltr'>enim</span> <span class='ocrx_word' id='word_1_269' title='bbox 281 3931 342 3997; x_wconf 93' lang='lat' dir='ltr'>hac</span> <span class='ocrx_word' id='word_1_270' title='bbox 365 3931 396 3995; x_wconf 91' lang='lat' dir='ltr'>in</span> <span class='ocrx_word' id='word_1_271' title='bbox 419 3951 453 3996; x_wconf 89' lang='lat' dir='ltr'>re</span> <span class='ocrx_word' id='word_1_272' title='bbox 475 3931 640 3996; x_wconf 91' lang='lat' dir='ltr'>Handium</span> <span class='ocrx_word' id='word_1_273' title='bbox 662 3929 740 3994; x_wconf 90' lang='lat' dir='ltr'>satis</span> <span class='ocrx_word' id='word_1_274' title='bbox 763 3928 873 3993; x_wconf 88' lang='lat' dir='ltr'>fecisse</span> <span class='ocrx_word' id='word_1_275' title='bbox 895 3928 956 4005; x_wconf 86' lang='lat' dir='ltr'>ain,</span> <span class='ocrx_word' id='word_1_276' title='bbox 979 3928 1033 4008; x_wconf 92' lang='lat' dir='ltr'>qui</span> <span class='ocrx_word' id='word_1_277' title='bbox 1053 3926 1202 4008; x_wconf 85' lang='lat' dir='ltr'>exempla</span> <span class='ocrx_word' id='word_1_278' title='bbox 1224 3946 1287 3991; x_wconf 85' lang='lat' dir='ltr'>sua</span> <span class='ocrx_word' id='word_1_279' title='bbox 1316 3930 1351 3995; x_wconf 94' lang='lat' dir='ltr'>in</span> 
     </span>
     <span class='ocr_line' id='line_1_35' title="bbox 172 4026 1355 4112; baseline 0 -18"><span class='ocrx_word' id='word_1_280' title='bbox 172 4031 284 4112; x_wconf 89' lang='lat' dir='ltr'>primis</span> <span class='ocrx_word' id='word_1_281' title='bbox 306 4051 345 4096; x_wconf 89' lang='lat' dir='ltr'>ex</span> <span class='ocrx_word' id='word_1_282' title='bbox 360 4030 560 4096; x_wconf 89' lang='lat' dir='ltr'>Ciceroniani</span> <span class='ocrx_word' id='word_1_283' title='bbox 583 4030 653 4094; x_wconf 89' lang='lat' dir='ltr'>aevi</span> <span class='ocrx_word' id='word_1_284' title='bbox 675 4027 885 4110; x_wconf 90' lang='lat' dir='ltr'>scriptoribus</span> <span class='ocrx_word' id='word_1_285' title='bbox 902 4026 996 4107; x_wconf 83' lang='lat' dir='ltr'>eligit,</span> <span class='ocrx_word' id='word_1_286' title='bbox 1019 4026 1125 4090; x_wconf 89' lang='lat' dir='ltr'>Plauti</span> <span class='ocrx_word' id='word_1_287' title='bbox 1145 4045 1236 4090; x_wconf 89' lang='lat' dir='ltr'>raros</span> <span class='ocrx_word' id='word_1_288' title='bbox 1255 4027 1355 4094; x_wconf 86' lang='lat' dir='ltr'>locos</span> 
     </span>
     <span class='ocr_line' id='line_1_36' title="bbox 173 4125 1354 4213; baseline 0.001 -20"><span class='ocrx_word' id='word_1_289' title='bbox 173 4134 291 4195; x_wconf 88' lang='lat' dir='ltr'>enotat.</span> <span class='ocrx_word' id='word_1_290' title='bbox 343 4130 501 4213; x_wconf 84' lang='lat' dir='ltr'>Equidem</span> <span class='ocrx_word' id='word_1_291' title='bbox 529 4149 646 4210; x_wconf 89' lang='lat' dir='ltr'>operae</span> <span class='ocrx_word' id='word_1_292' title='bbox 669 4129 807 4210; x_wconf 92' lang='lat' dir='ltr'>pretium</span> <span class='ocrx_word' id='word_1_293' title='bbox 836 4126 904 4190; x_wconf 89' lang='lat' dir='ltr'>fore</span> <span class='ocrx_word' id='word_1_294' title='bbox 925 4146 1035 4208; x_wconf 90' lang='lat' dir='ltr'>spero,</span> <span class='ocrx_word' id='word_1_295' title='bbox 1068 4127 1093 4191; x_wconf 93' lang='lat' dir='ltr'>si</span> <span class='ocrx_word' id='word_1_296' title='bbox 1115 4125 1268 4190; x_wconf 91' lang='lat' dir='ltr'>omnibus</span> <span class='ocrx_word' id='word_1_297' title='bbox 1292 4148 1354 4194; x_wconf 86' lang='lat' dir='ltr'>ex·</span> 
     </span>
     <span class='ocr_line' id='line_1_37' title="bbox 173 4226 1354 4312; baseline 0 -18"><span class='ocrx_word' id='word_1_298' title='bbox 173 4230 286 4312; x_wconf 90' lang='lat' dir='ltr'>emplis</span> <span class='ocrx_word' id='word_1_299' title='bbox 314 4230 452 4295; x_wconf 89' lang='lat' dir='ltr'>collectis</span> <span class='ocrx_word' id='word_1_300' title='bbox 479 4231 520 4295; x_wconf 89' lang='lat' dir='ltr'>de</span> <span class='ocrx_word' id='word_1_301' title='bbox 547 4229 699 4293; x_wconf 92' lang='lat' dir='ltr'>Plautino</span> <span class='ocrx_word' id='word_1_302' title='bbox 731 4248 790 4291; x_wconf 85' lang='lat' dir='ltr'>usu</span> <span class='ocrx_word' id='word_1_303' title='bbox 817 4226 913 4290; x_wconf 89' lang='lat' dir='ltr'>huius</span> <span class='ocrx_word' id='word_1_304' title='bbox 938 4227 1115 4309; x_wconf 87' lang='lat' dir='ltr'>particulae</span> <span class='ocrx_word' id='word_1_305' title='bbox 1145 4226 1354 4309; x_wconf 88' lang='lat' dir='ltr'>quaerimus,</span> 
     </span>
    </p>
   </div>
   <div class='ocr_carea' id='block_1_5' title="bbox 0 0 1528 4838">
    <p class='ocr_par' dir='ltr' id='par_1_7' title="bbox 0 0 1528 4838">
     <span class='ocr_line' id='line_1_38' title="bbox 0 0 1528 4838; baseline 0 0"><span class='ocrx_word' id='word_1_306' title='bbox 0 0 1528 4838; x_wconf 95' lang='lat' dir='ltr'> </span> 
     </span>
    </p>
   </div>
  </div>
 </body>
</html>
