3030 4838
659 296 865 359 ..12-

259 473 430 550 Quomodo
452 495 495 538 au
523 473 647 558 syllaba
675 493 714 538 ex
739 473 888 540 iterativa
909 473 1142 557 significatione
1164 475 1196 539 in
1219 475 1351 558 opposi-

176 573 275 637 tivam
307 574 357 637 vel
386 575 611 640 disiunctivam
641 575 805 640 transferri
835 575 990 656 potuerit,
1028 575 1127 639 fusius
1158 576 1350 641 Kuehnerus

177 674 323 756 exposuit
341 675 386 854 ›de
407 684 511 740 aldem
534 676 702 758 disputans
726 676 892 757 (ausfrihrl.
915 676 1055 740 Gramm.
1079 676 1110 740 d.
1132 677 1186 741 lat.
1205 677 1349 759 Sprache

176 775 207 838 ll
227 794 259 856 p.
279 775 363 839 697.

258 895 324 955 Aut
345 891 440 973 igitur
463 892 677 974 compositum
700 897 748 957 est
771 912 810 956 ex
831 892 956 975 syllaba
977 913 1020 956 oo
1043 891 1095 972 (cl.
1117 913 1268 974 graecum
1291 884 1349 976 ad)

177 996 209 1056 et
227 993 479 1057 demonstrativa
498 993 724 1057 terminatione
741 995 782 1057 -dc'
802 995 908 1057 locum
930 993 1094 1070 indicanti,
1116 994 1228 1058 eodem
1250 995 1349 1059 modo

175 1112 240 1175 quo
262 1098 314 1157 aot
340 1094 390 1157 vel
412 1094 479 1157 ooli
501 1090 657 1157 Oscorum
686 1097 718 1158 et
747 1102 794 1159 ote
816 1095 867 1158 vel
888 1100 938 1157 ute
959 1093 1171 1172 Umbrorum,
1201 1098 1233 1158 et
1254 1094 1348 1159 simili

175 1193 300 1257 ratione
321 1194 495 1258 formatum
518 1212 584 1276 qua
605 1201 719 1258 autem.
763 1193 917 1258 litteram
939 1195 952 1256 i
973 1193 1006 1257 in
1027 1193 1091 1257 fine
1106 1194 1193 1259 vocis
1207 1196 1349 1276 primum

176 1293 208 1357 in
239 1293 458 1372 enuntiando,
488 1293 605 1358 deinde
633 1294 729 1358 etiam
760 1294 792 1357 in
822 1283 992 1359 scribendo
1019 1294 1158 1359 deletam
1180 1296 1349 1360 evanuisse

176 1393 227 1457 ille
248 1394 408 1476 ignoscet,
440 1393 496 1475 qui
524 1393 707 1458 meminerit
728 1394 813 1458 idem
837 1396 878 1458 eti
900 1414 1029 1477 quoque
1051 1394 1245 1476 colligationi
1266 1395 1349 1460 acci·

176 1494 260 1558 disse
282 1494 333 1575 (cf.
356 1513 507 1575 graecum
531 1492 601 1576 ἔτι),
624 1514 708 1576 quae
730 1495 762 1559 in
784 1503 813 1559 et
835 1495 1001 1559 deminuta
1022 1498 1078 1559 est.

267 1612 319 1677 Vel
340 1615 449 1676 autem
472 1611 560 1695 quod
581 1631 646 1675 non
670 1611 730 1675 nisi
752 1612 892 1676 Romani
916 1611 1128 1693 usurpabant,
1156 1616 1348 1692 argumento

176 1717 223 1776 est
244 1713 410 1777 Romanos
431 1716 500 1776 turn
524 1713 663 1790 demum,
687 1732 759 1776 cum
783 1732 803 1776 a
826 1713 939 1777 ceteris
960 1713 1050 1786 ,Italis
1070 1732 1104 1777 se
1126 1717 1349 1793 segregassent

175 1816 207 1876 et
223 1832 317 1876 suum
334 1813 393 1877 sibi
410 1833 590 1876 sermonem
609 1813 795 1888 formarent,
819 1813 903 1878 hanc
925 1833 1036 1877 vocem
1061 1813 1093 1877 in
1115 1813 1347 1895 particularum

174 1932 269 1977 usum
291 1913 479 1979 traduxisse.
956 1929 959 1934 ’

257 2030 354 2096 Cuius
375 2031 553 2113 particulae
575 2036 727 2095 naturam
758 2034 856 2112 atque
884 2029 1024 2111 primam
1046 2029 1111 2093 vim
1133 2030 1347 2096 Buechelcrus

173 2131 297 2214 primus
319 2132 478 2213 sagaciter
500 2132 658 2213 cognovit,
685 2131 740 2214 qui
763 2150 844 2195 mus
861 2130 966 2194 Rhen.
989 2134 1011 2194 t.
1027 2132 1067 2195 36
1088 2151 1119 2213 p.
1137 2131 1197 2196 239
1219 2133 1265 2195 cel
1285 2131 1346 2195 irn-

176 2233 358 2315 perativum
377 2252 445 2297 esse
462 2233 627 2297 contendit
649 2231 762 2297 eodem
777 2231 873 2295 modo
887 2230 1061 2295 formatum
1077 2251 1141 2313 quo
1155 2230 1243 2312 forst)
1283 2232 1346 2309 Qui

172 2335 346 2415 postquam
369 2333 491 2411 vceteris
519 2335 604 2397 viam
635 2332 867 2396 demonstravit
896 2335 996 2413 atque
1018 2332 1159 2414 aperuit,
1189 2333 1249 2396 iter
1270 2352 1345 2415 per-

174 2454 249 2514 gere
270 2438 302 2498 et
324 2434 366 2499 ad
388 2434 484 2498 finem
508 2434 685 2516 perducere
706 2432 795 2497 haud
817 2432 862 2496 ita
885 2432 1012 2496 difficile
1030 2435 1109 2497 erat.
1147 2434 1217 2497 Duo
1235 2437 1344 2497 autem

172 2534 326 2616 proximi,
359 2535 414 2616 qui
443 2534 527 2598 hanc
555 2534 776 2616 quaestionem
798 2536 1033 2610 tractaverunt,
1064 2533 1290 2614 Brugmannus
1313 2537 1345 2599 et

174 2634 368 2720 Osthoffius,
395 2635 480 2698 viam
504 2635 567 2698 iam
591 2637 727 2698 stratam
749 2638 847 2714 alque
869 2633 977 2697 tritam
1002 2653 1076 2697 oum
1098 2634 1291 2715 sprevissent
1313 2638 1345 2698 et

173 2754 248 2799 suas
269 2735 328 2799 sibi
350 2735 481 2799 semitas
502 2735 727 2816 sumpsissent,
757 2735 789 2797 in
814 2734 964 2798 tenebras
985 2738 1195 2799 reverterunt.
1241 2736 1344 2817 Brug-

172 2855 312 2898 mannus
342 2836 427 2899 enim
452 2835 498 2900 ool
526 2835 666 2918 priscum
690 2835 901 2898 iniunctivum
925 2838 988 2900 veis
1010 2835 1105 2899 luisse
1127 2835 1291 2900 contendit
1312 2840 1344 2901 et

173 2934 350 3000 Osthoffius
372 2936 438 2999 fieri
462 2956 556 3018 posse
578 2940 681 3018 putat,
704 2940 740 2999 ut
763 2956 801 3000 ex
822 2937 897 3000 celsi
918 2937 1049 3000 ductum
1065 2936 1114 3001 sit.
1157 2935 1225 3000 Has
1245 2936 1343 3000 inter-

173 3036 321 3118 pretandi
338 3037 478 3101 rationes
494 3037 645 3101 refutavit
661 3035 893 3118 Skutschius2),
914 3056 990 3101 usus
1006 3041 1104 3118 atque
1124 3037 1218 3100 nixus
1240 3037 1343 3100 anim·

172 3137 361 3201 adversione
383 3137 525 3219 quadarn
549 3137 692 3201 eiusdem
714 3137 917 3214 Buecheleri,
947 3138 1001 3219 qui
1024 3157 1104 3200 mus.
1127 3137 1232 3200 Rhen.
1255 3140 1278 3200 t.
1301 3138 1342 3201 lc

170 3257 201 3319 p.
224 3237 285 3301 238
316 3237 531 3318 explicaverat
561 3238 628 3301 eius
657 3238 717 3316 rei,
748 3239 836 3319 quod
857 3245 903 3301 ter
924 3238 1101 3319 antiquitus
1123 3237 1248 3301 exiisset
1270 3238 1302 3301 in
1325 3258 1366 3300 s.

171 3336 221 3417 (cf.
247 3357 397 3418 graecum
420 3342 497 3416 τρίς)
529 3338 746 3402 testimonium
777 3359 845 3403 esse
873 3343 906 3403 et
927 3339 1080 3402 terruncic'
1102 3338 1300 3418 geminatum
1324 3361 1342 3401 r

240 3562 265 3630 l)
294 3562 368 3625 Quod
396 3564 464 3617 idern
493 3565 532 3617 vir
560 3566 729 3619 doctissimus
757 3567 797 3618 vel
825 3582 856 3618 ax
882 3565 999 3632 optativo
1026 3564 1091 3617 velis
1115 3583 1129 3618 s
1154 3570 1178 3618 et
1207 3567 1218 3617 i
1244 3567 1339 3619 littaris

170 3651 285 3703 extrusis
314 3652 388 3704 nasci
416 3653 534 3719 potuisse
564 3653 699 3718 concedit,
731 3653 807 3706 valde
835 3654 922 3706 miror.
968 3652 1092 3714 Quamvis
1119 3654 1187 3706 onim
1216 3653 1340 3706 Umbrica

168 3737 300 3806 particula
317 3739 418 3804 herici,
445 3756 511 3807 quae
530 3741 639 3792 eandam
659 3742 710 3793 vim
731 3745 810 3809 atqua
828 3742 868 3792 vel
886 3740 1008 3807 praebat,
1034 3756 1065 3792 ox
1085 3742 1202 3808 optativo
1221 3742 1340 3794 derivata

169 3825 212 3889 sit,
232 3826 303 3878 verbi
323 3826 388 3877 velia
407 3826 534 3893 producta
555 3827 637 3880 altera
656 3828 759 3897 syllaba
778 3830 821 3881 vix
839 3827 1011 3881 interciderit.

237 3928 264 3996 2)
283 3930 460 3998 Disputarunt
485 3932 534 3984 hac
561 3932 593 3985 de
618 3949 662 3985 re:
686 3933 872 4001 Brugmannus
896 3934 929 3985 M.
949 3932 980 3986 U.
999 3933 1100 4000 3,9sq.
1127 3937 1153 3985 et
1172 3932 1286 3984 Grundr.
1305 3932 1338 3998 ll,

167 4015 225 4068 903.
247 4016 327 4080 13073
347 4017 492 4071 Ostholllus
505 4035 572 4072 mus.
585 4020 668 4072 Rhen.
682 4023 701 4071 t.
714 4020 747 4072 36
765 4037 790 4089 p.
804 4021 854 4072 486
867 4020 929 4072 adn.
937 4040 944 4084 ;
964 4019 1130 4080 Skutschius,
1148 4019 1338 4087 Forschungen

168 4119 190 4155 z.
209 4102 255 4155 lat.
275 4102 390 4158 Gramm.
410 4105 473 4172 1,55
485 4122 528 4176 sq;
548 4106 710 4174 SolmsenuS,
729 4107 804 4161 Stud.
824 4125 848 4161 z.
865 4107 911 4161 lat.
929 4107 1088 4177 Lautgcscb.
1108 4124 1135 4177 p.
1154 4107 1220 4177 laq.
