3030 4838
651 323 859 388 ..64-

169 503 238 562 tum
262 499 402 570 demum,
425 497 452 560 si
474 497 506 561 in
528 516 601 562 eum
624 499 756 564 modum
778 520 888 566 versus
912 502 1140 580 distribuimus,
1163 503 1201 565 ut
1217 520 1247 565 v.
1260 499 1340 564 1040

168 601 243 681 post
262 616 292 661 v.
318 597 398 660 1045
417 601 572 678 ponatur,
601 618 712 662 sensus
739 600 848 665 evadit
871 601 1037 666 dilucidus.
1080 601 1112 665 Si
1136 601 1208 683 quis
1229 605 1338 665 autem

170 696 203 759 in
235 700 417 777 temporum
447 698 672 762 consecutione
697 707 815 783 crepant
847 701 888 783 (v.
917 700 1006 782 toln)
1029 705 1061 766 et
1082 701 1210 766 aiebant
1232 700 1338 784 (1046)

170 795 312 873 offendit,
336 815 448 859 vereor
466 816 508 860 ne
529 797 747 876 obliviscatur,
770 820 868 882 quam
892 802 1003 865 codem
1027 801 1124 866 modo
1145 802 1170 865 si
1193 801 1338 866 ordinem

174 915 322 960 versuum
363 895 518 960 traditum
556 916 784 963 conservamus
823 903 971 982 tempora
1006 901 1186 966 varientur:
1224 908 1341 987 crepant

168 1003 259 1081 atque
281 995 459 1074 excludunt,
482 997 594 1075 aiebat,
616 999 675 1077 cit,
698 998 832 1063 aiebant.

209 1120 286 1185 Mil.
326 1121 362 1183 19
381 1139 428 1201 sq.
470 1123 644 1202 postquam
688 1121 767 1186 dixit
800 1122 1010 1204 Artotrogus:
1053 1123 1109 1188 Nil
1149 1123 1252 1188 hercle
1284 1124 1340 1188 boc

168 1220 324 1305 quidemst
342 1224 460 1305 praeut
479 1218 549 1284 alic
568 1220 682 1300 dicum,
705 1222 794 1286 addit

437 1318 538 1386 Edepol
558 1319 600 1371 vel
618 1319 760 1388 elephanto
779 1322 807 1373 in
825 1321 902 1373 India

308 1403 365 1468 Quo
385 1409 463 1473 pacto
483 1407 505 1457 ei
525 1422 616 1474 pugno
635 1406 803 1475 praefregisti
824 1407 982 1459 bracchium.

211 1521 286 1586 Mil.
305 1524 346 1588 58
357 1543 426 1605 sqq.

308 1622 406 1674 Amant
424 1622 469 1675 ted
488 1638 578 1676 omnes
597 1622 732 1688 mulieres,
749 1638 835 1691 neque
854 1624 959 1688 iniuria,

308 1706 359 1769 Qui
380 1708 487 1760 sistam
508 1707 608 1776 pulcer.
646 1708 693 1760 Vel
714 1708 775 1760 illae
795 1724 862 1776 quae
881 1708 943 1760 bere
964 1707 1044 1775 pallio

309 1795 349 1846 Me
360 1795 604 1875 reprehenderunt.

211 1912 311 1976 Rud.
333 1912 392 1975 lm
407 1932 477 1994 sqq.

411 2012 462 2065 Pro
481 2012 508 2064 di
527 2011 696 2077 immortales,
715 2009 826 2062 Veneris
843 2010 931 2078 effigia
950 2010 1016 2062 baec
1034 2008 1175 2077 quidemst.

310 2097 391 2151 Utin
411 2099 502 2152 ocellis
521 2096 713 2151 hilaritudo’st:
732 2097 800 2162 beia,
819 2113 915 2165 corpus
935 2096 1030 2165 quoius
1048 2095 1134 2148 modi:

311 2184 509 2238 Subvolturium
528 2183 648 2235 —illud
669 2183 773 2251 quidem
794 2183 963 2252 subaquilum
983 2182 1054 2235 volui
1073 2180 1175 2245 dicer03

172 2277 288 2342 deinde
307 2280 354 2342 vet
376 2278 524 2360 apposito
547 2278 611 2341 duo
633 2276 789 2358 exempla,
812 2277 929 2358 quibus
944 2275 1056 2358 pulcra
1071 2273 1214 2355 corporis
1237 2273 1340 2336 torma

170 2377 407 2459 comprobetur,
428 2377 519 2442 addit
540 2397 666 2441 servus:

315 2483 363 2536 Vel
383 2483 499 2553 papillae
519 2484 613 2552 quoius
633 2483 721 2536 modi:
740 2486 795 2535 tum
816 2498 883 2550 quae
903 2480 1006 2533 indoles
1025 2480 1054 2532 in
1073 2479 1181 2533 sariost.

211 2595 363 2658 Bacari
375 2615 420 2658 ae
441 2595 658 2676 fragmentum
682 2592 791 2674 (Macr.
803 2594 859 2671 ΙΙΙ,
874 2592 921 2670 16,
938 2589 965 2671 l)
977 2611 1057 2673 sqq..

309 2694 373 2757 Quis
393 2699 433 2748 est
451 2695 569 2748 mortalis
589 2698 664 2747 tanta
682 2695 788 2747 fortuna
808 2693 917 2744 allectus
936 2707 1061 2758 umquam

308 2780 366 2843 Qua
384 2798 432 2850 ego
450 2799 522 2835 nunc
541 2781 619 2834 sum?
644 2780 745 2843 Quoius
764 2781 830 2832 baec
848 2779 933 2832 ventri
953 2780 1075 2846 portatur
1093 2790 1204 2842 pompa:

308 2867 358 2920 Vel
374 2884 446 2920 nunc
466 2869 510 2935 qui
529 2869 593 2919 mihi
612 2869 640 2919 in
658 2867 724 2919 mari
743 2867 881 2935 acipenser
899 2865 977 2917 latuit
995 2862 1116 2927 antehac,

313 2954 413 3017 Quoius
433 2970 481 3022 ego
501 2954 571 3007 latus
590 2955 618 3006 in
637 2954 752 3006 latebras
771 2952 878 3005 reddam
899 2951 964 3003 meis
980 2949 1105 3001 dentibus
1124 2951 1151 2998 ot
1168 2947 1300 2998 manibus.

254 3048 354 3113 Plane
369 3049 481 3113 eodem
499 3048 604 3126 modo
627 3067 691 3128 quo
705 3046 756 3110 his
771 3065 853 3128 quos
867 3043 1053 3108 enumeravi
1068 3040 1145 3105 locis
1162 3039 1218 3118 cel,
1242 3039 1339 3104 ctiam

171 3147 255 3211 velut
286 3149 318 3212 in
345 3147 452 3212 Plauti
484 3147 657 3212 comoediis
687 3148 871 3228 usurpatur.
923 3144 969 3207 De
999 3160 1064 3223 quo
1094 3139 1169 3202 vide
1197 3138 1339 3203 Brixium

171 3247 214 3310 ad
240 3247 303 3311 Mil.
327 3268 356 3312 v.
380 3248 420 3310 25
451 3251 482 3311 et
509 3247 696 3311 Lorenzium
727 3246 769 3310 ad
799 3244 914 3308 Pseud.
945 3262 974 3305 v.
997 3240 1068 3304 749.
1111 3238 1154 3302 Ut
1184 3238 1340 3302 nonnulla

171 3347 317 3429 exempla
338 3347 492 3411 afferam:

211 3478 328 3542 Mero.
350 3479 412 3542 225
422 3497 491 3560 sqq.

319 3579 394 3632 Miris
413 3578 497 3631 modis
517 3576 544 3628 di
562 3575 640 3628 ludos
659 3574 760 3627 iaciunt
779 3573 930 3626 hominibus

322 3666 450 3734 Mirisque
469 3662 596 3730 exemplis
617 3662 719 3713 somnia
739 3661 767 3712 in
787 3660 887 3712 somnis
906 3657 1017 3708 danunt.

320 3750 401 3804 Velut
420 3766 468 3818 ego
488 3753 565 3802 nocte
585 3748 634 3800 hac
653 3763 720 3815 quae
737 3745 876 3817 praeteriit
894 3756 1023 3811 proxuma

322 3837 353 3890 In
372 3838 471 3890 somnis
489 3837 532 3904 egi
552 3852 573 3888 e.
585 3850 641 3902 qs.

211 3932 311 3997 Rud.
337 3933 397 3996 593
409 3950 478 4012 sqq.

322 4032 394 4084 Miris
414 4029 498 4082 modis
519 4027 545 4079 di
564 4025 642 4078 ludos
662 4023 764 4076 iaciunt
783 4021 934 4074 hominibus

321 4117 446 4184 Mirisque
465 4112 592 4181 exemplis
611 4111 713 4164 somnia
730 4110 757 4161 in
776 4108 875 4160 somnis
894 4107 1004 4158 danunt.

322 4203 361 4255 Ns
379 4200 534 4254 dormientis
554 4198 660 4267 quidem
678 4196 770 4248 sinunt
788 4194 931 4262 quiescere.
