3030 4838
719 329 760 339 ..
800 294 843 358 60
885 329 926 339 ..

278 471 475 536 Trin.655
585 525 589 530 .

388 569 483 622 Omnia
503 585 551 638 ego
569 571 653 624 istaec
673 588 740 640 quae
758 576 788 624 tu
807 571 873 623 dixti
893 572 957 637 eric,
976 571 1016 624 vel
1035 571 1207 640 exsignarero

236 667 348 729 nostra
370 663 499 744 lingua:
531 683 644 743 „wenn
666 663 711 728 du
733 685 766 729 es
787 664 966 745 verlangst,
995 664 1082 729 kann
1111 664 1164 729 ich
1189 685 1223 729 es
1243 665 1294 729 dir
1311 685 1408 747 sogar

237 764 344 828 Punkt
365 763 416 826 fuir
436 762 544 827 Punkt
566 763 875 828 niederschreiben“.

278 870 387 934 Trin.
410 869 472 934 963
483 889 530 950 sq.

526 967 606 1032 Heus,
624 967 688 1032 Pax,
707 970 732 1018 te
751 967 837 1020 tribus
855 967 943 1021 verbis
961 968 1029 1022 volo.
1050 999 1083 1006 -

389 1054 437 1106 Vel
457 1054 583 1107 trecentis

239 1150 293 1233 qui
316 1169 426 1213 versus
448 1149 493 1213 ita
516 1147 683 1228 compositi
703 1150 787 1224 sunt,
809 1151 845 1210 ut
866 1150 940 1229 post
958 1148 1025 1212 nolo
1041 1147 1183 1211 eiusdem
1201 1147 1291 1211 verbi
1307 1166 1408 1229 purus

239 1253 338 1330 atque
359 1251 457 1330 putus
478 1246 687 1329 imperativus
708 1247 755 1310 vel
773 1246 873 1328 repeti
896 1246 986 1328 isque
1008 1246 1052 1311 ita
1077 1246 1311 1326 intellegendus
1339 1266 1408 1311 esse

239 1348 402 1412 videatur:
444 1347 584 1428 „Wolle,
614 1345 766 1409 wlinsche
799 1345 884 1410 mich
926 1345 985 1410 auf
1007 1346 1068 1410 300
1090 1345 1232 1410 Worte“.
1283 1345 1347 1410 Sed
1382 1346 1408 1410 si

239 1451 346 1511 cetera
379 1446 541 1527 exempla,
576 1464 660 1527 quae
681 1444 873 1527 particulam
897 1463 970 1508 cum
993 1444 1213 1509 numeralibus
1234 1445 1309 1510 solis
1331 1465 1409 1510 con·

240 1546 383 1610 iunctam
393 1548 584 1624 monstrant,
594 1545 794 1623 conterimus,
813 1544 1409 1611 hocsubtiliusiudicatumesseelucet.

280 1651 397 1717 Truc.
422 1652 482 1717 373

391 1752 449 1805 Dan
468 1751 590 1804 savium?
608 1781 640 1788 —
659 1751 740 1804 Immo
759 1751 800 1803 rel
820 1751 919 1804 decem.

325 1868 344 1952 ξ
367 1868 398 1935 c.
441 1868 602 1932 Paulatim
625 1887 701 1932 vero
723 1866 771 1932 uel
792 1867 1017 1932 disiunctivam
1037 1867 1302 1949 significationem
1325 1870 1408 1934 adeo

241 1969 300 2033 sibi
325 1972 551 2049 assumpserat,
579 1972 623 2031 ut
655 1967 822 2031 omnino
853 1967 1122 2049 disjungendi
1151 1973 1408 2050 potestatem

238 2069 457 2150 acciperet
474 2087 579 2149 neque
594 2067 732 2149 amplius
747 2067 815 2130 eius
829 2067 997 2131 arbitrium
1014 2068 1232 2150 respiceretur,
1250 2069 1292 2133 ad
1309 2089 1408 2151 quem

242 2169 341 2233 verba
375 2169 495 2232 directa
525 2171 608 2231 sunt.
660 2167 772 2248 ltaque
807 2169 854 2232 vel
885 2166 964 2230 fines
1000 2167 1059 2229 sibi
1092 2168 1214 2248 positos
1246 2169 1409 2249 egreditur

240 2288 344 2350 neque
360 2268 392 2331 in
411 2266 530 2331 talibus
548 2266 752 2344 enumeratis,
774 2265 882 2347 qualia
899 2265 963 2329 iam
987 2268 1182 2346 enumeravi,
1206 2288 1240 2332 se
1255 2268 1406 2345 continet,

239 2368 296 2432 sed
326 2368 451 2449 primae
470 2386 598 2448 quoque
630 2370 661 2429 et
683 2365 797 2429 tertiae
827 2384 984 2446 personae
1007 2367 1205 2431 voluntatem
1227 2367 1357 2449 respicit
1376 2371 1408 2431 et

239 2466 396 2548 exprimit.
441 2465 477 2528 ld
508 2464 596 2546 quod
625 2484 663 2529 eo
695 2464 908 2545 significatur,
940 2466 1027 2546 quod
1055 2466 1183 2547 saepius
1211 2467 1300 2531 verbi
1322 2469 1407 2532 velle

238 2567 346 2648 aliqua
377 2565 481 2628 forma
503 2564 642 2629 additur.
687 2564 790 2628 Huius
813 2569 920 2629 autem
953 2585 1029 2629 usus
1048 2565 1201 2630 Plautina
1222 2566 1407 2631 testimonia

238 2686 313 2731 rara
334 2666 497 2729 exsistunt.

279 2773 400 2836 Poen.
423 2771 542 2853 827sq.

388 2870 430 2922 Ita
448 2887 488 2923 me
507 2872 533 2923 di
553 2875 641 2923 ament
660 2869 701 2922 rel
719 2871 746 2922 in
766 2870 901 2923 lautumiis
921 2871 961 2924 vel
981 2872 1009 2923 in
1029 2873 1142 2940 pristino
1162 2871 1281 2924 mavelim

390 2959 476 3026 Agere
495 2961 607 3010 aetatem
627 2973 650 3022 e,
660 2972 685 3024 q.
696 2972 717 3008 s.

238 3052 293 3116 ubi
317 3054 419 3117 vel-
432 3053 485 3116 cel
512 3050 545 3114 in
575 3069 648 3115 eum
668 3068 797 3115 sensum
821 3051 1067 3131 intellegendum
1089 3054 1147 3128 est,
1170 3070 1266 3132 quem
1286 3051 1407 3116 indicat

238 3152 399 3217 raucedine.

280 3257 427 3324 Bacch.
450 3256 511 3320 589
522 3275 592 3338 sqq.

388 3358 484 3409 Paucis
504 3372 544 3408 me
563 3356 634 3408 misit
654 3355 729 3408 miles
748 3357 781 3409 ad
801 3374 856 3409 eam
877 3357 1058 3422 Cleomachus,

392 3443 438 3496 Vel
457 3450 487 3495 ut
507 3444 635 3495 ducentos
654 3442 792 3511 Philippus
811 3444 905 3496 reddat
923 3460 1026 3509 aureos,

390 3528 437 3579 Vel
456 3534 486 3580 ut
505 3529 566 3580 hinc
585 3529 612 3579 in
631 3527 743 3580 Elatiam
764 3529 842 3581 hodie
860 3534 903 3581 eat
922 3545 1009 3581 secum
1029 3527 1128 3592 semul;

238 3625 300 3688 hcc
322 3623 393 3687 loco
410 3626 462 3688 vel
478 3642 496 3685 c
515 3640 653 3703 persona
669 3621 807 3685 iubentis
825 3623 1019 3699 dictumest,
1044 3621 1133 3686 cuius
1150 3621 1248 3703 ipsius
1266 3622 1291 3685 si
1306 3623 1406 3686 verba

240 3723 441 3800 audiremus,
474 3721 555 3785 haec
578 3725 698 3786 essent:
728 3725 780 3787 vel
808 3721 906 3786 redde
935 3724 986 3786 vel
1012 3741 1130 3785 lamam
1152 3722 1172 3784 i.
1218 3723 1332 3804 ltaque
1351 3721 1406 3803 qui

240 3823 396 3886 mandata
418 3821 560 3899 nuntiat,
583 3840 622 3885 ex
643 3820 726 3885 illius
747 3821 906 3885 sententia
926 3820 1017 3902 ponit
1038 3824 1099 3886 uel.
1143 3821 1265 3885 Eadem
1287 3839 1339 3884 res
1359 3823 1408 3884 est

280 3929 389 3993 Asin.
413 3929 472 3992 365
484 3948 531 4009 sq.

389 4029 471 4081 Iussit
489 4027 530 4081 rel
548 4043 598 4081 nos
616 4027 757 4080 atriensem
776 4027 816 4079 rel
836 4043 885 4081 nos
905 4042 1012 4080 uxorem
1033 4043 1108 4080 suam

390 4114 559 4168 Detraudare.
