3030 4838
610 349 817 412 ...15-

130 527 274 603 attendit,
298 546 362 610 quo
382 525 475 589 nobis
493 528 555 590 oels
576 546 636 606 pro
657 526 706 591 cel
728 527 860 591 offertur
878 523 929 607 (ct
946 546 1044 609 supra
1056 546 1087 609 p.
1102 524 1163 608 10).
1193 526 1298 606 Quam

129 628 257 710 quidem
299 627 492 707 scripturam
528 646 588 706 ego
628 647 667 690 ex
706 626 839 707 simplici
881 625 1000 690 librarii
1040 645 1148 692 errore
1187 632 1298 692 natam

128 747 196 791 esse
229 728 386 791 existumo
423 746 561 808 eumque
596 730 761 808 exspecto,
803 726 858 808 qui
895 726 928 790 in
966 727 1022 791 tali
1061 726 1165 808 glossa
1197 727 1300 810 ipsam

127 828 340 911 antiquissimi
379 827 559 909 imperativi
599 827 735 892 formam
773 831 934 892 servatam
967 846 1035 892 esse
1070 829 1110 892 sit
1142 832 1299 893 sustenta-

127 934 227 993 turus.
271 928 365 992 Certe
387 928 430 990 ibi
455 928 486 991 in
515 928 616 992 altero
640 927 749 992 codice
771 947 889 1010 purum
912 932 1026 1010 putum
1048 929 1096 993 ccl
1118 928 1186 994 sine
1208 949 1225 993 s
1246 949 1302 993 ex·

127 1029 266 1093 hibetur.

211 1129 356 1210 Denique
379 1127 599 1191 concludimus
621 1127 668 1190 cel
694 1125 798 1209 primo
828 1126 906 1190 nihil
934 1125 1021 1191 aliud
1044 1127 1181 1195 valuisse
1203 1132 1301 1211 atque

130 1229 356 1311 imperativum
375 1227 463 1292 verbi
482 1230 567 1306 velle,
590 1227 705 1291 deinde
728 1246 804 1290 vero
825 1227 858 1290 in
879 1227 1110 1309 particularum
1135 1231 1300 1294 catervam

130 1330 285 1413 paulatim
308 1328 471 1409 irrepsisse
492 1332 590 1410 atque
609 1327 749 1409 priscam
770 1327 835 1391 vim
851 1327 953 1409 magis
969 1329 1137 1412 magisque
1149 1329 1301 1394 amisisse.

131 1431 224 1508 Quod
247 1429 410 1510 quomodo
433 1428 553 1491 lactum
576 1428 616 1490 sit
639 1432 675 1490 ut
697 1428 924 1506 demonstrem,
956 1449 1050 1510 spero
1071 1430 1138 1495 fore
1166 1434 1201 1494 ut
1223 1429 1301 1494 mihi

132 1531 304 1611 conlingat.

276 1813 339 1887 111.
372 1812 435 1885 De
456 1820 519 1883 cel
539 1817 722 1886 tesserae
744 1811 922 1884 lusoriae
943 1812 1158 1905 inscripto.

215 1971 380 2035 Sententia
403 1970 456 2035 illa
480 1990 545 2052 qua
568 1989 733 2034 censemus
754 1969 800 2032 ael
821 1987 889 2032 esse
910 1968 1052 2049 priscum
1076 1968 1303 2050 imperativum

132 2076 190 2137 aut
211 2071 303 2135 fallor
326 2075 382 2135 aut
411 2071 529 2135 mirum
558 2071 591 2135 in
613 2069 746 2134 modurn
768 2068 897 2133 iuvatur
919 2074 1017 2151 atque
1039 2068 1167 2134 fulcitur
1188 2088 1303 2135 monu-

133 2175 242 2235 mento
272 2171 423 2252 antiquo,
456 2172 544 2254 quod
572 2169 720 2254 quamvis
748 2188 886 2251 parvum
910 2169 952 2233 ad
973 2169 1058 2235 hanc
1081 2170 1302 2252 quaestionem

135 2270 357 2352 explicandam
388 2271 520 2336 maximi
550 2271 704 2335 momenti
731 2269 799 2334 erit.
843 2269 958 2352 Agitur
988 2270 1073 2333 enirn
1103 2270 1143 2334 de
1171 2289 1236 2335 una
1267 2289 1306 2334 ex

135 2371 194 2435 illis
215 2372 341 2436 tesseris
364 2372 461 2436 osseis
482 2370 533 2435 vel
555 2372 712 2450 eburneis
735 2391 816 2453 quas
836 2370 1016 2435 Huclsenus
1037 2369 1154 2450 (Mitth.
1174 2371 1205 2435 d.
1223 2376 1305 2436 rdm.

134 2471 275 2535 archaol.
293 2474 370 2537 Inst.
392 2471 471 2536 1896
487 2492 518 2553 p.
532 2469 709 2550 uas-237)
731 2491 798 2535 una
818 2470 995 2553 publicavit
1016 2474 1049 2535 et
1070 2469 1159 2535 illum
1176 2475 1306 2537 secutus

134 2572 348 2637 Buechelerus
371 2573 463 2654 (Mus.
479 2573 583 2637 Rhen.
606 2576 629 2635 t.
644 2571 700 2635 Lll
721 2591 752 2653 p.
770 2571 831 2635 392
842 2570 925 2655 sqq.)
947 2571 1087 2635 breviter
1108 2572 1305 2637 retractavit.

134 2672 225 2751 Quae
246 2676 385 2737 tesserae
406 2673 439 2737 in
462 2693 576 2737 auersa
597 2675 690 2755 parte
711 2691 813 2736 unum
835 2691 874 2738 ex
897 2672 942 2736 eis
963 2671 1122 2750 numeris,
1146 2672 1201 2754 qui
1223 2672 1306 2737 inter

134 2773 150 2836 Ι
172 2776 204 2836 et
225 2771 315 2836 XXX
336 2773 503 2849 intersunt,
525 2774 690 2854 praebent,
713 2772 773 2836 nisi
795 2773 883 2854 quod
904 2772 1002 2836 semel
1024 2772 1122 2836 etiam
1140 2772 1196 2836 LX
1217 2772 1306 2837 inve-

134 2873 230 2951 nitur,
253 2873 285 2936 in
315 2873 452 2938 adversa
474 2892 586 2937 vocem
609 2873 774 2954 quandam
799 2892 935 2937 vocesve
955 2873 1142 2956 impressas,
1165 2865 1249 2955 quas
1268 2893 1307 2936 ex

135 2973 313 3038 litterarum
336 2972 449 3037 ordine
471 2973 642 3055 dispositas
663 2992 835 3037 enumero:

216 3079 340 3138 amator
363 3072 425 3153 (ter
446 3072 606 3153 occurrit),
637 3079 748 3157 arqutc
770 3071 853 3155 (ter),
890 3092 995 3157 arpos
1017 3070 1167 3156 (quater),
1198 3072 1309 3137 audace

135 3172 275 3255 (semel),
308 3172 462 3257 beoiqod)
486 3171 626 3255 (semel),
661 3173 812 3257 deniquae
834 3170 926 3253 (his),
958 3173 1107 3237 cincidas
1129 3172 1253 3253 (semel)
1276 3177 1308 3239 et

133 3275 284 3337 andedos
306 3273 439 3355 (semel),
473 3274 633 3354 croiliope
654 3273 705 3337 vel
727 3274 896 3355 cuoclioye
919 3271 1002 3355 (bis),
1035 3274 1151 3337 cuooio
1174 3271 1309 3355 (semel),

135 3374 251 3437 ebriose
266 3374 350 3455 (ter),
371 3373 472 3455 facete
490 3373 639 3456 (quater),
659 3373 749 3455 fatue
764 3371 848 3453 (ter),
869 3373 950 3454 felix
965 3372 1050 3454 (bis),
1071 3373 1162 3455 ficosa
1174 3372 1308 3455 (semel),

134 3475 297 3556 fortunate
319 3473 442 3556 (semel)
474 3478 505 3538 et
524 3474 669 3555 fortunat
698 3472 837 3554 (semel),
864 3472 924 3554 for
946 3474 1104 3556 (quater),
1132 3473 1192 3555 for
1212 3472 1258 3556 rll
1271 3475 1309 3539 de

136 3574 262 3657 (seme13
285 3574 598 3656 quodBuechelerus
617 3574 792 3639 rectissime
814 3574 920 3657 explet
942 3574 975 3638 in
990 3574 1110 3653 redde),
1130 3575 1228 3656 succo
1250 3574 1308 3655 (sic

136 3674 208 3757 bis),
229 3676 389 3760 paudesoc
412 3674 496 3756 (bis),
525 3676 599 3755 pado
622 3673 756 3757 (semel),
778 3676 888 3757 premia
910 3672 996 3756 (bis),
1018 3675 1153 3759 iapudes
1175 3672 1310 3756 (semel),

138 3777 215 3859 lupa
236 3773 320 3856 (ter),
343 3777 454 3840 maleel
477 3773 610 3856 (semel),
632 3775 727 3838 moire
749 3774 822 3855 (bis)
844 3779 876 3839 et
896 3796 994 3840 moecc
1016 3774 1151 3855 (semel),
1174 3777 1312 3840 moraris

141 3874 273 3957 (semel),
296 3875 385 3940 mula
403 3874 488 3958 (bis),
508 3882 645 3960 ocqotor
664 3875 749 3957 (bis),
768 3876 872 3959 patior
885 3875 959 3956 (bis)
980 3880 1011 3940 et
1022 3877 1164 3959 pelicea
1176 3874 1312 3957 (semel),

208 4070 233 4138 1)
258 4070 289 4123 In
308 4071 357 4124 hac
384 4076 498 4138 tessera,
518 4086 597 4138 quam
615 4069 765 4124 lluelsenus
787 4071 837 4123 sub
855 4085 964 4123 numero
984 4071 1016 4122 21
1034 4069 1124 4138 affort,
1145 4085 1191 4137 pr.
1210 4069 1257 4122 dat
1275 4069 1308 4121 ab

138 4157 327 4228 interpolatore
345 4159 459 4227 quodam
478 4157 632 4227 posterioris
650 4159 707 4212 aevi
722 4159 842 4211 additum
864 4173 922 4210 esse
941 4157 1010 4210 idem
1027 4156 1140 4211 affirmat
1153 4155 1312 4210 lluolsenus.
