3030 4838
592 300 799 366 ..57-

139 477 217 543 Mil.
241 477 302 542 eda
321 497 369 560 sq.
398 477 692 561 Periplectomenus
722 480 869 546 Pleusicli
899 499 1004 546 mores
1030 501 1105 546 suos
1138 486 1268 548 enarrat

96 576 298 659 virtutesque
321 577 496 659 expromit:

251 676 301 730 Vel
319 677 456 730 cavillator
473 677 575 731 facetus
593 677 635 731 vel
654 679 764 732 conviva
783 679 935 733 commodus

251 762 323 816 Idem
343 779 387 816 ero
407 780 429 817 e.
440 781 465 832 q.
476 780 497 816 s.

96 857 466 940 affimmmffl

203 962 206 966 ’
251 963 300 1016 Vel
319 962 508 1016 hilarissimum
528 964 664 1016 convivam
683 963 745 1016 hinc
763 963 881 1016 indidem
900 980 1051 1032 expromam
1070 967 1119 1018 tibi

250 1049 299 1102 Vel
320 1048 473 1117 primarium
492 1049 639 1117 parasitum
659 1052 737 1118 atque
757 1051 942 1103 obsonatorem
962 1054 1098 1118 optumum

95 1143 219 1226 quibus
240 1141 346 1206 verbis
365 1161 477 1206 sensus
499 1142 581 1205 inest
602 1141 672 1206 hic:
709 1161 822 1222 „wenn
846 1142 917 1206 du's
938 1143 1117 1225 verlangst,
1139 1144 1195 1208 bin
1217 1144 1269 1208 ich

97 1243 159 1307 das
181 1242 263 1319 eine,
286 1260 382 1305 wenn
404 1241 475 1306 du's
495 1241 668 1322 verlangst‚
691 1241 750 1305 das
772 1241 921 1307 andere“.
965 1243 1268 1325 Periplectomenus,

97 1346 135 1407 ut
156 1345 204 1407 est
226 1361 324 1406 senex
340 1340 588 1422 expolitissimae
604 1341 805 1419 urbanitatis
830 1341 992 1407 Pleusiclis
1004 1343 1161 1407 voluntati
1178 1343 1270 1424 quasi

99 1441 249 1507 concedit
279 1460 313 1505 se
344 1459 433 1520 eam,
468 1459 566 1522 quam
590 1439 642 1503 ille
663 1441 814 1518 voluerit,
844 1443 972 1522 partem
1004 1446 1167 1523 gesturum
1191 1461 1269 1505 esse.

97 1541 173 1606 Non
204 1541 273 1605 sine
303 1540 409 1604 fructu
438 1539 480 1603 ad
510 1539 597 1603 hunc
618 1559 746 1603 versum
770 1540 906 1604 conferri
929 1545 1036 1622 potest
1057 1541 1271 1605 Petronianus

99 1641 191 1706 locus
212 1658 311 1722 supra
331 1659 363 1721 p.
386 1639 428 1703 48
450 1637 635 1720 exscriptus.

141 1747 259 1830 Gapt.
282 1746 343 1811 773

255 1846 322 1898 Nam
340 1845 382 1897 vel
400 1845 526 1912 prodesse
547 1844 630 1897 amico
647 1861 757 1913 possum
775 1845 816 1897 vel
836 1844 971 1898 inimicum
989 1845 1114 1914 perdere;

104 1960 202 2024 quern
233 1958 362 2004 versum
392 1938 540 2020 quamvis
570 1938 601 2001 iu
624 1938 791 2020 soliloquio
820 1942 938 2017 exstet,
971 1939 1005 2002 in
1033 1939 1120 2002 hunc
1142 1959 1270 2003 sensum

100 2039 352 2120 intellegendum
374 2057 442 2102 esse
472 2038 635 2102 existimo:
669 2038 741 2119 „ich
769 2039 874 2116 kann,
906 2058 975 2102 was
1007 2038 1051 2103 du
1072 2039 1186 2118 willst‚
1221 2038 1271 2104 vel

100 2139 254 2221 prodesse
282 2137 332 2201 vel
362 2138 510 2220 perdere;
551 2137 703 2202 wirnsche
740 2137 799 2201 das
827 2137 897 2202 eine
933 2137 1011 2202 oder
1038 2139 1096 2202 das
1118 2136 1268 2203 andere“.

99 2237 269 2302 Parasitus
290 2236 375 2301 enim
397 2237 452 2319 qui
475 2237 615 2319 loquitur
637 2258 670 2301 se
692 2256 732 2301 ex
760 2237 997 2319 spectatoribus
1020 2237 1159 2318 aliquem
1182 2257 1270 2301 com-

99 2337 222 2420 pellare
252 2337 360 2423 fingit,
390 2338 423 2402 id
454 2337 542 2419 quod
569 2337 602 2402 in
621 2338 778 2402 Plautinis
799 2338 972 2402 comoediis
992 2338 1178 2420 saepissime
1200 2337 1267 2402 fieri

101 2437 128 2502 si
151 2436 377 2501 confirmarem
399 2437 487 2519 ligna
510 2458 569 2519 ego
593 2437 626 2502 in
647 2438 761 2502 silvam
782 2439 907 2502 ferrem.

142 2543 290 2608 Pseud.
309 2546 367 2609 271
380 2565 427 2627 sq.

253 2644 285 2696 Di
304 2649 330 2696 te
350 2644 468 2712 deaeque
486 2646 574 2696 ament
593 2642 633 2695 vel
653 2643 732 2694 huius
749 2643 878 2695 arbitratu
895 2642 936 2695 vel
956 2659 1028 2695 meo:

253 2731 311 2797 Vel,
330 2730 352 2782 si
371 2729 477 2797 dignn’s
496 2729 547 2782 alio
568 2732 654 2796 pacto,
672 2745 758 2796 neque
778 2732 867 2781 ament
885 2744 934 2781 nec
953 2729 1053 2781 faciant
1071 2730 1152 2792 bene;

101 2824 281 2888 Pseudolus
312 2821 446 2887 Ballioni
486 2841 544 2904 per
584 2821 758 2886 ludibrium
789 2822 951 2903 optionem
993 2822 1066 2900 dat,
1108 2822 1198 2886 cuius
1230 2823 1272 2886 ad

102 2924 297 2989 arbitratum
320 2942 354 2987 se
375 2922 475 2987 vitam
497 2941 590 2986 suam
613 2925 761 3029 acturum
783 2942 852 2986 esse
872 2923 957 2987 velit.

147 3030 292 3094 Pseud.
313 3029 457 3111 434sqq.

452 3127 520 3190 Quid
540 3144 646 3193 novum,
665 3126 821 3179 adulescens
841 3127 918 3180 homo

257 3215 285 3267 Si
304 3218 383 3281 amat,
403 3215 425 3266 si
445 3215 555 3275 amicam
574 3213 677 3265 liberat.
696 3242 728 3248 —

257 3300 421 3355 Vetus'nolo
440 3300 529 3352 iaciat.
549 3328 581 3336 -
601 3301 636 3351 At
654 3300 723 3352 enim
742 3299 903 3367 nequiquam
921 3301 1013 3352 nevis:

259 3386 305 3438 Vel
323 3392 353 3439 tu
370 3402 404 3439 ne
423 3386 523 3439 iaceres
543 3386 595 3438 tale
614 3386 643 3437 in
661 3385 857 3450 adulescentia3

104 3479 184 3562 quid
200 3481 246 3545 vel
266 3479 372 3544 dicere
386 3479 471 3558 velit,
486 3498 526 3543 ex
540 3479 630 3543 aevis
647 3478 750 3559 colligi
765 3482 879 3560 potest,
892 3477 910 3541 i.
922 3497 948 3541 e.
964 3477 1027 3557 „du
1047 3476 1111 3538 bist
1129 3478 1275 3538 umsonst

105 3579 252 3660 dagegen
280 3578 359 3643 oder
381 3578 474 3643 wolle
495 3565 671 3642 lihnliches
698 3577 731 3641 in
761 3578 870 3641 deiner
890 3574 1015 3657 lugend
1043 3574 1133 3638 nicht
1154 3574 1274 3654 gethan

105 3677 244 3743 haben.“

146 3784 261 3868 Gapt.
279 3785 342 3851 690
351 3805 421 3867 sqq.

258 3884 309 3947 Qui
329 3901 377 3954 per
395 3884 527 3948 virtutem,
546 3881 658 3950 periit
677 3885 704 3933 at
722 3897 776 3933 non
795 3881 934 3933 interit.
954 3910 986 3918 —

258 3969 370 4033 Quando
387 3985 435 4037 ego
454 3973 480 4021 te
499 3967 626 4035 exemplis
645 3967 776 4036 pessumis
796 3967 1000 4019 cruciavero...

257 4055 306 4108 Vel
324 4060 351 4109 te
369 4055 562 4108 interiisse
582 4053 622 4105 vel
641 4053 796 4122 periisse
815 4053 985 4120 praedicent;

256 4142 323 4195 Dum
342 4156 445 4211 pereas,
464 4139 530 4193 nihil
551 4139 672 4192 intererit
691 4138 781 4192 dicant
799 4137 895 4191 vivere.
