3030 4838
179 1195 307 1319 Nuper
325 1255 398 1300 cum
414 1233 521 1298 Plauti
540 1233 723 1297 comoedias
740 1231 947 1314 perlegerem,
967 1228 1027 1292 sub
1048 1229 1157 1293 oculos
1173 1229 1252 1293 mihi

82 1336 211 1415 cecidit,
244 1339 443 1417 quantopere
474 1332 534 1395 illis
564 1331 762 1412 temporibus
793 1337 849 1394 ant
881 1334 912 1393 et
943 1330 988 1392 nel
1020 1328 1255 1409 particularum·

80 1437 331 1518 significationes
360 1435 443 1497 inter
465 1452 499 1496 se
522 1433 667 1496 diversae
689 1431 839 1507 fuissent,
871 1434 902 1493 et
924 1450 988 1512 quo
1010 1430 1161 1494 intentius
1184 1430 1252 1493 ani-

81 1557 170 1600 mum
186 1536 405 1612 advertebam,
425 1554 462 1598 eo
479 1533 583 1613 magis
600 1532 758 1596 sententia
777 1533 858 1596 haec
875 1531 1138 1609 confirmabatur,
1159 1551 1253 1613 prae-

80 1638 190 1700 sertim
220 1656 294 1700 cum
324 1635 422 1698 etiam
449 1633 635 1697 Terentium
669 1633 769 1696 isdem
793 1633 917 1713 legibus
946 1632 1155 1696 constrictum
1185 1651 1254 1695 esse

80 1738 231 1801 viderem.
284 1737 395 1816 ltaque
426 1753 500 1797 cum
530 1753 647 1815 operae
678 1733 817 1814 pretium
848 1752 916 1797 csse
939 1737 1104 1814 putarem,
1134 1731 1160 1796 si
1182 1732 1253 1813 quis

82 1841 261 1920 quaereret,
282 1835 438 1917 quamdiu
454 1834 507 1897 hic
525 1834 570 1897 rei
586 1837 688 1898 status
703 1832 873 1897 mansisset
890 1838 921 1897 et
938 1833 1101 1915 quomodo
1117 1833 1253 1896 circum·

81 1938 282 2001 volventibus
304 1936 416 2000 saeclis
438 1954 470 1998 se
495 1935 699 2011 mutavisset,
728 1934 953 1997 Romanarum
983 1933 1253 2006 litterarummo-

81 2042 236 2101 numenta
256 2037 349 2100 nobis
368 2040 495 2099 servata
515 2038 734 2117 perscrutatus
757 2039 788 2097 et
807 2035 873 2098 fata
892 2035 1059 2116 utriusque
1076 2035 1254 2117 particulae

82 2142 268 2218 persecutus
291 2157 378 2213 sum,
407 2136 450 2199 ita
482 2140 518 2199 ut
545 2135 718 2217 praecipue
747 2139 894 2216 tempora
924 2155 1009 2217 quae
1031 2138 1168 2200 tendunt
1188 2137 1254 2200 fere

84 2257 185 2318 nsque
204 2238 246 2300 ad
258 2235 419 2300 Ciceronis
436 2236 688 2300 adulescentiam
703 2235 797 2317 plene
812 2235 1025 2314 exhaurircm,
1044 2256 1084 2299 ex
1096 2237 1133 2300 iis
1145 2241 1252 2301 autem

83 2358 167 2418 quae
189 2340 366 2418 sequuntur
386 2336 540 2400 nonnulla
562 2339 689 2400 tantum
713 2336 871 2417 eligerem,
895 2357 932 2401 ea
954 2337 1082 2415 scilicet,
1104 2357 1189 2419 quae
1211 2339 1254 2401 ad

82 2437 461 2506 rem'demonstrandam
482 2437 613 2501 maioris
636 2437 788 2500 momenti
812 2457 880 2502 essc
903 2438 1097 2501 viderentur.
1130 2436 1254 2514 Quibus

82 2538 231 2601 omnibus
246 2537 323 2601 locis
340 2536 373 2600 in
390 2555 491 2601 unum
512 2537 651 2600 collectis
666 2537 794 2618 utrique
808 2538 995 2619 particulae,
1014 2540 1051 2602 ut
1072 2538 1117 2602 ita
1136 2538 1253 2617 dicam,

83 2637 276 2701 curriculum
298 2639 384 2702 vitae
405 2638 592 2702 brevissime
612 2637 815 2701 adumbravi.

197 2919 224 2990 1.
267 2917 646 2990 Grammaticorum
674 2921 900 2992 latinorum
925 2926 1143 3012 praecepta

342 3043 392 3114 de
422 3056 497 3113 aut
527 3048 568 3114 et
596 3053 659 3115 vel
688 3033 996 3118 enumerantur.

167 3184 276 3247 Primo
298 3183 368 3246 loco
390 3182 587 3264 quaestionis
608 3186 760 3266 ponenda
780 3191 875 3265 sunt,
900 3207 984 3269 quae
1004 3190 1128 3251 veteres
1148 3207 1256 3269 gram-

87 3286 193 3347 matici
217 3284 257 3347 de
279 3283 311 3347 vi
332 3287 364 3346 et
382 3282 614 3363 significatione
636 3284 763 3350 illarum
783 3288 1015 3370 particularum
1036 3292 1206 3352 senserunt
1225 3293 1257 3353 et

86 3384 118 3446 in
142 3384 263 3448 artibus
285 3384 349 3448 suis
370 3383 580 3448 tradiderunt.
614 3385 708 3464 Quod
730 3387 802 3451 ideo
824 3388 861 3451 fit
882 3389 1031 3466 maxime,
1054 3408 1095 3452 ne
1117 3389 1256 3453 auctori-

85 3487 187 3546 tatem
209 3503 317 3546 eorum
340 3503 491 3565 spernere
513 3485 642 3563 videar3
665 3506 769 3568 neque
791 3508 868 3552 vero
890 3490 997 3554 adhuc
1015 3489 1060 3555 ita
1078 3491 1257 3572 composita

86 3587 161 3646 sunt
179 3584 372 3662 testimonia,
391 3587 427 3648 ut
442 3585 533 3648 facile
554 3591 652 3668 atque
670 3589 840 3652 commode
857 3591 993 3671 perspici
1012 3591 1144 3673 possint.
1179 3590 1257 3669 Qui-

87 3684 147 3747 bus
176 3704 214 3747 ex
237 3685 456 3765 grammaticis
475 3685 658 3751 Priscianus
686 3708 745 3752 nos
775 3690 868 3753 docet
896 3690 1097 3771 spissioribus
1125 3695 1157 3754 et
1178 3691 1257 3754 ube-

87 3783 223 3847 rioribus
236 3784 425 3865 praeceptis,
443 3785 593 3850 nimirum
609 3808 693 3869 quae
711 3788 917 3852 continentur
932 3789 976 3852 eis
993 3789 1080 3853 libris
1096 3791 1258 3873 inquibus

88 3884 128 3947 de
149 3884 275 3965 syntaxi
298 3885 373 3963 agit.
418 3885 500 3948 Sunt
523 3907 598 3950 vcro
619 3888 718 3951 baec:

168 3984 267 4048 Prisc.
289 3983 403 4061 XVl,7
435 3983 641 4064 (collectionis
669 3988 834 4052 Keilianae
861 3991 938 4051 tom.
961 3988 1000 4051 lll
1021 4009 1053 4070 p.
1076 3987 1147 4069 97):
1179 3989 1258 4053 Dis-

88 4084 246 4148 iunctivnc
267 4090 351 4164 sunt,
374 4104 455 4164 quae
470 4090 613 4170 quamvis
627 4088 777 4152 dictiones
790 4090 993 4174 coniunpunt,
1015 4102 1140 4153 sensnm
1155 4095 1259 4155 tamen

1071 4216 1084 4271 l
