<?xml version="1.0" encoding="UTF-8"?>
<!DOCTYPE html PUBLIC "-//W3C//DTD XHTML 1.0 Transitional//EN"
    "http://www.w3.org/TR/xhtml1/DTD/xhtml1-transitional.dtd">
<html xmlns="http://www.w3.org/1999/xhtml" xml:lang="en" lang="en">
 <head>
  <title>
</title>
<meta http-equiv="Content-Type" content="text/html;charset=utf-8" />
  <meta name='ocr-system' content='tesseract 3.04.00' />
  <meta name='ocr-capabilities' content='ocr_page ocr_carea ocr_par ocr_line ocrx_word'/>
</head>
<body>
  <div class='ocr_page' id='page_1' title='image "./develimperativo00kohlgoog_0097.png"; bbox 0 0 3030 4838; ppageno 0'>
   <div class='ocr_carea' id='block_1_1' title="bbox 722 288 925 351">
    <p class='ocr_par' dir='ltr' id='par_1_1' title="bbox 722 288 925 351">
     <span class='ocr_line' id='line_1_1' title="bbox 722 288 925 351; baseline 0 -19"><span class='ocrx_word' id='word_1_1' title='bbox 722 288 925 351; x_wconf 76' lang='grc'>,88-</span> 
     </span>
    </p>
   </div>
   <div class='ocr_carea' id='block_1_2' title="bbox 239 464 1411 752">
    <p class='ocr_par' dir='ltr' id='par_1_2' title="bbox 239 464 1411 752">
     <span class='ocr_line' id='line_1_2' title="bbox 239 464 1411 548; baseline -0.002 -13"><span class='ocrx_word' id='word_1_2' title='bbox 239 471 302 535; x_wconf 91' lang='lat' dir='ltr'>alia</span> <span class='ocrx_word' id='word_1_3' title='bbox 323 466 405 532; x_wconf 82' lang='lat' dir='ltr'>Enni</span> <span class='ocrx_word' id='word_1_4' title='bbox 427 469 459 530; x_wconf 91' lang='lat' dir='ltr'>et</span> <span class='ocrx_word' id='word_1_5' title='bbox 482 464 580 529; x_wconf 88' lang='lat' dir='ltr'>Lucili</span> <span class='ocrx_word' id='word_1_6' title='bbox 608 464 771 546; x_wconf 82' lang='lat' dir='ltr'>relliquiae</span> <span class='ocrx_word' id='word_1_7' title='bbox 807 486 862 529; x_wconf 86' lang='lat' dir='ltr'>eas</span> <span class='ocrx_word' id='word_1_8' title='bbox 898 486 981 548; x_wconf 88' lang='lat' dir='ltr'>quas</span> <span class='ocrx_word' id='word_1_9' title='bbox 1008 468 1159 546; x_wconf 88' lang='lat' dir='ltr'>optamus</span> <span class='ocrx_word' id='word_1_10' title='bbox 1191 486 1286 531; x_wconf 89' lang='lat' dir='ltr'>voces</span> <span class='ocrx_word' id='word_1_11' title='bbox 1312 470 1411 533; x_wconf 89' lang='lat' dir='ltr'>nobis</span> 
     </span>
     <span class='ocr_line' id='line_1_3' title="bbox 239 564 1407 652; baseline -0.003 -18"><span class='ocrx_word' id='word_1_12' title='bbox 239 569 457 652; x_wconf 73' lang='lat' dir='ltr'><strong>suppeditant.</strong></span> <span class='ocrx_word' id='word_1_13' title='bbox 492 564 637 646; x_wconf 90' lang='lat' dir='ltr'>Denique</span> <span class='ocrx_word' id='word_1_14' title='bbox 652 564 695 627; x_wconf 93' lang='lat' dir='ltr'>ad</span> <span class='ocrx_word' id='word_1_15' title='bbox 706 564 821 628; x_wconf 86' lang='lat' dir='ltr'>Catulli</span> <span class='ocrx_word' id='word_1_16' title='bbox 833 584 937 645; x_wconf 80' lang='lat' dir='ltr'>nugas</span> <span class='ocrx_word' id='word_1_17' title='bbox 948 569 1047 647; x_wconf 88' lang='lat' dir='ltr'>atque</span> <span class='ocrx_word' id='word_1_18' title='bbox 1059 566 1176 648; x_wconf 83' lang='lat' dir='ltr'>epyllia</span> <span class='ocrx_word' id='word_1_19' title='bbox 1191 569 1407 648; x_wconf 86' lang='lat' dir='ltr'>pervenimus,</span> 
     </span>
     <span class='ocr_line' id='line_1_4' title="bbox 240 662 1329 752; baseline -0.004 -18"><span class='ocrx_word' id='word_1_20' title='bbox 240 689 327 752; x_wconf 90' lang='lat' dir='ltr'>quae</span> <span class='ocrx_word' id='word_1_21' title='bbox 346 667 477 732; x_wconf 87' lang='lat' dir='ltr'>tandem</span> <span class='ocrx_word' id='word_1_22' title='bbox 501 664 594 728; x_wconf 92' lang='lat' dir='ltr'>nobis</span> <span class='ocrx_word' id='word_1_23' title='bbox 616 662 693 727; x_wconf 90' lang='lat' dir='ltr'>certi</span> <span class='ocrx_word' id='word_1_24' title='bbox 716 663 822 727; x_wconf 92' lang='lat' dir='ltr'>iudicii</span> <span class='ocrx_word' id='word_1_25' title='bbox 844 664 1029 729; x_wconf 75' lang='lat' dir='ltr'>facultatem</span> <span class='ocrx_word' id='word_1_26' title='bbox 1052 667 1254 747; x_wconf 89' lang='lat' dir='ltr'>permittunt.</span> <span class='ocrx_word' id='word_1_27' title='bbox 1327 745 1329 749; x_wconf 18' lang='grc' dir='ltr'>ι</span> 
     </span>
    </p>
   </div>
   <div class='ocr_carea' id='block_1_3' title="bbox 322 811 1410 898">
    <p class='ocr_par' dir='ltr' id='par_1_3' title="bbox 322 811 1410 898">
     <span class='ocr_line' id='line_1_5' title="bbox 322 811 1410 898; baseline -0.002 -19"><span class='ocrx_word' id='word_1_28' title='bbox 322 813 395 898; x_wconf 65' lang='lat'>§2</span> <span class='ocrx_word' id='word_1_29' title='bbox 438 814 474 876; x_wconf 93' lang='lat' dir='ltr'>ln</span> <span class='ocrx_word' id='word_1_30' title='bbox 500 811 697 892; x_wconf 75' lang='lat' dir='ltr'>tragicorum</span> <span class='ocrx_word' id='word_1_31' title='bbox 725 811 929 892; x_wconf 83' lang='lat' dir='ltr'>fragmentis,</span> <span class='ocrx_word' id='word_1_32' title='bbox 960 832 998 875; x_wconf 84' lang='lat' dir='ltr'>ex</span> <span class='ocrx_word' id='word_1_33' title='bbox 1027 812 1144 894; x_wconf 94' lang='lat' dir='ltr'>quibus</span> <span class='ocrx_word' id='word_1_34' title='bbox 1167 814 1292 879; x_wconf 90' lang='lat' dir='ltr'>initium</span> <span class='ocrx_word' id='word_1_35' title='bbox 1315 814 1410 893; x_wconf 93' lang='lat' dir='ltr'>facio,</span> 
     </span>
    </p>
   </div>
   <div class='ocr_carea' id='block_1_4' title="bbox 240 909 1411 1064">
    <p class='ocr_par' dir='ltr' id='par_1_4' title="bbox 240 909 1411 1064">
     <span class='ocr_line' id='line_1_6' title="bbox 240 909 1411 997; baseline -0.003 -15"><span class='ocrx_word' id='word_1_36' title='bbox 240 920 286 982; x_wconf 83' lang='lat' dir='ltr'>vel</span> <span class='ocrx_word' id='word_1_37' title='bbox 308 912 467 997; x_wconf 91' lang='lat' dir='ltr'>particula</span> <span class='ocrx_word' id='word_1_38' title='bbox 490 914 605 994; x_wconf 80' lang='lat' dir='ltr'>quater</span> <span class='ocrx_word' id='word_1_39' title='bbox 639 909 731 974; x_wconf 90' lang='lat' dir='ltr'>nobis</span> <span class='ocrx_word' id='word_1_40' title='bbox 760 911 906 974; x_wconf 88' lang='lat' dir='ltr'>occurrit.</span> <span class='ocrx_word' id='word_1_41' title='bbox 950 912 996 976; x_wconf 90' lang='lat' dir='ltr'>De</span> <span class='ocrx_word' id='word_1_42' title='bbox 1016 912 1202 976; x_wconf 88' lang='lat' dir='ltr'>Pacuviano</span> <span class='ocrx_word' id='word_1_43' title='bbox 1231 933 1326 977; x_wconf 87' lang='lat' dir='ltr'>versu</span> <span class='ocrx_word' id='word_1_44' title='bbox 1351 915 1411 978; x_wconf 85' lang='lat'>135</span> 
     </span>
     <span class='ocr_line' id='line_1_7' title="bbox 389 1008 1053 1064; baseline 0 -2"><span class='ocrx_word' id='word_1_45' title='bbox 389 1011 437 1064; x_wconf 89' lang='lat' dir='ltr'>Vel</span> <span class='ocrx_word' id='word_1_46' title='bbox 458 1027 516 1062; x_wconf 89' lang='lat' dir='ltr'>cum</span> <span class='ocrx_word' id='word_1_47' title='bbox 536 1009 609 1061; x_wconf 92' lang='lat' dir='ltr'>illum</span> <span class='ocrx_word' id='word_1_48' title='bbox 630 1008 720 1060; x_wconf 82' lang='lat' dir='ltr'>rideas</span> <span class='ocrx_word' id='word_1_49' title='bbox 740 1008 881 1062; x_wconf 86' lang='lat' dir='ltr'>sollicitum</span> <span class='ocrx_word' id='word_1_50' title='bbox 901 1010 1053 1062; x_wconf 87' lang='lat' dir='ltr'>orbitudine</span> 
     </span>
    </p>
   </div>
   <div class='ocr_carea' id='block_1_5' title="bbox 240 1093 1412 1676">
    <p class='ocr_par' dir='ltr' id='par_1_5' title="bbox 240 1093 1412 1676">
     <span class='ocr_line' id='line_1_8' title="bbox 240 1093 1410 1179; baseline -0.002 -13"><span class='ocrx_word' id='word_1_51' title='bbox 240 1099 319 1166; x_wconf 92' lang='lat' dir='ltr'>nihil</span> <span class='ocrx_word' id='word_1_52' title='bbox 341 1097 428 1163; x_wconf 92' lang='lat' dir='ltr'>aliud</span> <span class='ocrx_word' id='word_1_53' title='bbox 450 1097 515 1159; x_wconf 88' lang='lat' dir='ltr'>fere</span> <span class='ocrx_word' id='word_1_54' title='bbox 533 1093 786 1176; x_wconf 91' lang='lat' dir='ltr'>praedicandum</span> <span class='ocrx_word' id='word_1_55' title='bbox 804 1098 860 1171; x_wconf 89' lang='lat' dir='ltr'>est,</span> <span class='ocrx_word' id='word_1_56' title='bbox 884 1095 942 1158; x_wconf 94' lang='lat' dir='ltr'>nisi</span> <span class='ocrx_word' id='word_1_57' title='bbox 958 1098 1005 1160; x_wconf 84' lang='lat' dir='ltr'>vel</span> <span class='ocrx_word' id='word_1_58' title='bbox 1024 1096 1067 1159; x_wconf 93' lang='lat' dir='ltr'>ad</span> <span class='ocrx_word' id='word_1_59' title='bbox 1084 1096 1217 1162; x_wconf 86' lang='lat' dir='ltr'>alteram</span> <span class='ocrx_word' id='word_1_60' title='bbox 1237 1119 1410 1179; x_wconf 89' lang='lat' dir='ltr'>personam</span> 
     </span>
     <span class='ocr_line' id='line_1_9' title="bbox 241 1193 1411 1289; baseline -0.004 -22"><span class='ocrx_word' id='word_1_61' title='bbox 241 1222 308 1266; x_wconf 86' lang='lat' dir='ltr'>esse</span> <span class='ocrx_word' id='word_1_62' title='bbox 330 1200 494 1263; x_wconf 89' lang='lat' dir='ltr'>directum.</span> <span class='ocrx_word' id='word_1_63' title='bbox 537 1193 703 1258; x_wconf 86' lang='lat' dir='ltr'>Nescimus</span> <span class='ocrx_word' id='word_1_64' title='bbox 725 1194 820 1272; x_wconf 89' lang='lat' dir='ltr'>enim,</span> <span class='ocrx_word' id='word_1_65' title='bbox 843 1194 921 1275; x_wconf 89' lang='lat' dir='ltr'>quid</span> <span class='ocrx_word' id='word_1_66' title='bbox 933 1196 1163 1289; x_wconf 65' lang='lat' dir='ltr'>antecesserit,</span> <span class='ocrx_word' id='word_1_67' title='bbox 1196 1217 1301 1279; x_wconf 89' lang='lat' dir='ltr'>neque</span> <span class='ocrx_word' id='word_1_68' title='bbox 1323 1202 1411 1262; x_wconf 90' lang='lat' dir='ltr'>certo</span> 
     </span>
     <span class='ocr_line' id='line_1_10' title="bbox 241 1293 1412 1376; baseline -0.005 -10"><span class='ocrx_word' id='word_1_69' title='bbox 241 1301 403 1366; x_wconf 85' lang='lat' dir='ltr'>alfirmare</span> <span class='ocrx_word' id='word_1_70' title='bbox 423 1296 505 1370; x_wconf 88' lang='lat' dir='ltr'>licet,</span> <span class='ocrx_word' id='word_1_71' title='bbox 528 1313 627 1375; x_wconf 92' lang='lat' dir='ltr'>quam</span> <span class='ocrx_word' id='word_1_72' title='bbox 647 1294 712 1357; x_wconf 87' lang='lat' dir='ltr'>vim</span> <span class='ocrx_word' id='word_1_73' title='bbox 727 1293 887 1375; x_wconf 88' lang='lat' dir='ltr'>particula</span> <span class='ocrx_word' id='word_1_74' title='bbox 906 1293 967 1357; x_wconf 92' lang='lat' dir='ltr'>hoc</span> <span class='ocrx_word' id='word_1_75' title='bbox 983 1294 1052 1358; x_wconf 91' lang='lat' dir='ltr'>loco</span> <span class='ocrx_word' id='word_1_76' title='bbox 1071 1295 1265 1376; x_wconf 90' lang='lat' dir='ltr'>praebuerit.</span> <span class='ocrx_word' id='word_1_77' title='bbox 1304 1297 1412 1360; x_wconf 90' lang='lat' dir='ltr'>Possis</span> 
     </span>
     <span class='ocr_line' id='line_1_11' title="bbox 242 1392 1411 1480; baseline -0.003 -16"><span class='ocrx_word' id='word_1_78' title='bbox 242 1399 384 1480; x_wconf 86' lang='lat' dir='ltr'>cogitare</span> <span class='ocrx_word' id='word_1_79' title='bbox 401 1395 441 1458; x_wconf 93' lang='lat' dir='ltr'>de</span> <span class='ocrx_word' id='word_1_80' title='bbox 456 1392 687 1474; x_wconf 83' lang='lat' dir='ltr'>significatione</span> <span class='ocrx_word' id='word_1_81' title='bbox 702 1393 834 1477; x_wconf 75' lang='lat' dir='ltr'>exempli</span> <span class='ocrx_word' id='word_1_82' title='bbox 848 1414 954 1471; x_wconf 74' lang='lat' dir='ltr'>carisa,</span> <span class='ocrx_word' id='word_1_83' title='bbox 974 1397 1009 1456; x_wconf 87' lang='lat' dir='ltr'>ul</span> <span class='ocrx_word' id='word_1_84' title='bbox 1024 1394 1088 1458; x_wconf 88' lang='lat' dir='ltr'>tale</span> <span class='ocrx_word' id='word_1_85' title='bbox 1103 1395 1180 1476; x_wconf 91' lang='lat' dir='ltr'>quid</span> <span class='ocrx_word' id='word_1_86' title='bbox 1194 1397 1411 1477; x_wconf 88' lang='lat' dir='ltr'>supplendum</span> 
     </span>
     <span class='ocr_line' id='line_1_12' title="bbox 242 1493 1411 1578; baseline -0.002 -15"><span class='ocrx_word' id='word_1_87' title='bbox 242 1500 298 1564; x_wconf 92' lang='lat' dir='ltr'>sit:</span> <span class='ocrx_word' id='word_1_88' title='bbox 323 1498 450 1577; x_wconf 77' lang='lat' dir='ltr'>Quanta</span> <span class='ocrx_word' id='word_1_89' title='bbox 473 1494 640 1559; x_wconf 83' lang='lat' dir='ltr'>calamitas</span> <span class='ocrx_word' id='word_1_90' title='bbox 662 1495 697 1556; x_wconf 82' lang='lat' dir='ltr'>iu</span> <span class='ocrx_word' id='word_1_91' title='bbox 720 1493 860 1558; x_wconf 77' lang='lat' dir='ltr'>hornines</span> <span class='ocrx_word' id='word_1_92' title='bbox 881 1496 1062 1578; x_wconf 83' lang='lat' dir='ltr'>saepissime</span> <span class='ocrx_word' id='word_1_93' title='bbox 1084 1495 1220 1558; x_wconf 78' lang='lat' dir='ltr'>incurrit</span> <span class='ocrx_word' id='word_1_94' title='bbox 1228 1499 1242 1560; x_wconf 73' lang='grc' dir='ltr'><em>Ι</em></span> <span class='ocrx_word' id='word_1_95' title='bbox 1265 1496 1319 1561; x_wconf 86' lang='lat' dir='ltr'>Vel</span> <span class='ocrx_word' id='word_1_96' title='bbox 1340 1517 1411 1561; x_wconf 83' lang='lat' dir='ltr'>cum</span> 
     </span>
     <span class='ocr_line' id='line_1_13' title="bbox 242 1596 584 1676; baseline -0.02 -13"><span class='ocrx_word' id='word_1_97' title='bbox 242 1601 333 1663; x_wconf 82' lang='lat' dir='ltr'>illum</span> <span class='ocrx_word' id='word_1_98' title='bbox 354 1596 463 1660; x_wconf 83' lang='lat' dir='ltr'>videus</span> <span class='ocrx_word' id='word_1_99' title='bbox 478 1614 504 1657; x_wconf 89' lang='lat' dir='ltr'>e.</span> <span class='ocrx_word' id='word_1_100' title='bbox 517 1615 547 1676; x_wconf 92' lang='lat' dir='ltr'>q.</span> <span class='ocrx_word' id='word_1_101' title='bbox 560 1613 584 1656; x_wconf 87' lang='lat' dir='ltr'>S.</span> 
     </span>
    </p>
   </div>
   <div class='ocr_carea' id='block_1_6' title="bbox 327 1698 1055 1951">
    <p class='ocr_par' dir='ltr' id='par_1_6' title="bbox 327 1698 1055 1951">
     <span class='ocr_line' id='line_1_14' title="bbox 327 1698 768 1780; baseline -0.014 -13"><span class='ocrx_word' id='word_1_102' title='bbox 327 1704 362 1767; x_wconf 95' lang='lat' dir='ltr'>ln</span> <span class='ocrx_word' id='word_1_103' title='bbox 384 1701 528 1766; x_wconf 88' lang='lat' dir='ltr'>versibus</span> <span class='ocrx_word' id='word_1_104' title='bbox 548 1698 626 1762; x_wconf 89' lang='lat' dir='ltr'>Acci</span> <span class='ocrx_word' id='word_1_105' title='bbox 651 1699 710 1762; x_wconf 82' lang='lat'>133</span> <span class='ocrx_word' id='word_1_106' title='bbox 721 1718 768 1780; x_wconf 90' lang='lat' dir='ltr'>sq.</span> 
     </span>
     <span class='ocr_line' id='line_1_15' title="bbox 394 1795 1055 1867; baseline -0.003 -16"><span class='ocrx_word' id='word_1_107' title='bbox 394 1801 442 1852; x_wconf 89' lang='lat' dir='ltr'>Vel</span> <span class='ocrx_word' id='word_1_108' title='bbox 460 1799 504 1852; x_wconf 88' lang='lat' dir='ltr'>hic</span> <span class='ocrx_word' id='word_1_109' title='bbox 522 1799 567 1867; x_wconf 88' lang='lat' dir='ltr'>qui</span> <span class='ocrx_word' id='word_1_110' title='bbox 586 1813 626 1849; x_wconf 87' lang='lat' dir='ltr'>me</span> <span class='ocrx_word' id='word_1_111' title='bbox 645 1801 735 1864; x_wconf 83' lang='lat' dir='ltr'>aperte</span> <span class='ocrx_word' id='word_1_112' title='bbox 754 1795 880 1848; x_wconf 84' lang='lat' dir='ltr'>effrenata</span> <span class='ocrx_word' id='word_1_113' title='bbox 898 1796 1055 1864; x_wconf 87' lang='lat' dir='ltr'>inpudentia</span> 
     </span>
     <span class='ocr_line' id='line_1_16' title="bbox 394 1882 1051 1951; baseline -0.005 -13"><span class='ocrx_word' id='word_1_114' title='bbox 394 1887 563 1938; x_wconf 88' lang='lat' dir='ltr'>Praesentem</span> <span class='ocrx_word' id='word_1_115' title='bbox 582 1899 707 1951; x_wconf 86' lang='lat' dir='ltr'>praesens</span> <span class='ocrx_word' id='word_1_116' title='bbox 723 1882 801 1934; x_wconf 84' lang='lat' dir='ltr'>dictis</span> <span class='ocrx_word' id='word_1_117' title='bbox 821 1887 932 1934; x_wconf 84' lang='lat' dir='ltr'>mertare</span> <span class='ocrx_word' id='word_1_118' title='bbox 953 1882 1051 1935; x_wconf 88' lang='lat' dir='ltr'>institit</span> 
     </span>
    </p>
   </div>
   <div class='ocr_carea' id='block_1_7' title="bbox 244 1968 1413 2453">
    <p class='ocr_par' dir='ltr' id='par_1_7' title="bbox 244 1968 1413 2258">
     <span class='ocr_line' id='line_1_17' title="bbox 246 1968 1413 2056; baseline -0.001 -17"><span class='ocrx_word' id='word_1_119' title='bbox 246 1975 287 2039; x_wconf 90' lang='lat' dir='ltr'>de</span> <span class='ocrx_word' id='word_1_120' title='bbox 308 1972 438 2037; x_wconf 86' lang='lat' dir='ltr'>notione</span> <span class='ocrx_word' id='word_1_121' title='bbox 459 1969 636 2052; x_wconf 86' lang='lat' dir='ltr'>particulae</span> <span class='ocrx_word' id='word_1_122' title='bbox 657 1968 798 2032; x_wconf 89' lang='lat' dir='ltr'>dubitari</span> <span class='ocrx_word' id='word_1_123' title='bbox 812 1987 877 2032; x_wconf 94' lang='lat' dir='ltr'>non</span> <span class='ocrx_word' id='word_1_124' title='bbox 891 1972 1015 2050; x_wconf 70' lang='lat' dir='ltr'>potest,</span> <span class='ocrx_word' id='word_1_125' title='bbox 1037 1970 1195 2051; x_wconf 83' lang='lat' dir='ltr'>significat</span> <span class='ocrx_word' id='word_1_126' title='bbox 1213 1972 1298 2036; x_wconf 89' lang='lat' dir='ltr'>enim</span> <span class='ocrx_word' id='word_1_127' title='bbox 1314 1973 1413 2056; x_wconf 90' lang='lat' dir='ltr'>plane</span> 
     </span>
     <span class='ocr_line' id='line_1_18' title="bbox 246 2067 1413 2152; baseline -0.001 -15"><span class='ocrx_word' id='word_1_128' title='bbox 246 2073 383 2152; x_wconf 76' lang='lat' dir='ltr'>exempli</span> <span class='ocrx_word' id='word_1_129' title='bbox 406 2091 503 2134; x_wconf 83' lang='lat' dir='ltr'>causa</span> <span class='ocrx_word' id='word_1_130' title='bbox 524 2072 556 2133; x_wconf 93' lang='lat' dir='ltr'>et</span> <span class='ocrx_word' id='word_1_131' title='bbox 576 2067 671 2132; x_wconf 89' lang='lat' dir='ltr'>huius</span> <span class='ocrx_word' id='word_1_132' title='bbox 689 2067 753 2130; x_wconf 83' lang='lat' dir='ltr'>iere</span> <span class='ocrx_word' id='word_1_133' title='bbox 767 2068 855 2131; x_wconf 92' lang='lat' dir='ltr'>modi</span> <span class='ocrx_word' id='word_1_134' title='bbox 870 2068 970 2132; x_wconf 86' lang='lat' dir='ltr'>verba</span> <span class='ocrx_word' id='word_1_135' title='bbox 986 2073 1242 2136; x_wconf 86' lang='lat' dir='ltr'>antecesserunt:</span> <span class='ocrx_word' id='word_1_136' title='bbox 1275 2071 1413 2136; x_wconf 82' lang='lat' dir='ltr'>Tantam</span> 
     </span>
     <span class='ocr_line' id='line_1_19' title="bbox 244 2167 1259 2258; baseline -0.004 -20"><span class='ocrx_word' id='word_1_137' title='bbox 244 2172 474 2258; x_wconf 79' lang='lat' dir='ltr'>impudentiam</span> <span class='ocrx_word' id='word_1_138' title='bbox 494 2171 529 2232; x_wconf 83' lang='lat' dir='ltr'>iu</span> <span class='ocrx_word' id='word_1_139' title='bbox 550 2167 727 2231; x_wconf 79' lang='lat' dir='ltr'>hominibus</span> <span class='ocrx_word' id='word_1_140' title='bbox 746 2169 905 2232; x_wconf 79' lang='lat' dir='ltr'>inueniri!</span> <span class='ocrx_word' id='word_1_141' title='bbox 928 2169 985 2234; x_wconf 85' lang='lat' dir='ltr'>Vel</span> <span class='ocrx_word' id='word_1_142' title='bbox 1004 2168 1056 2232; x_wconf 77' lang='lat' dir='ltr'>tic</span> <span class='ocrx_word' id='word_1_143' title='bbox 1076 2171 1131 2250; x_wconf 85' lang='lat' dir='ltr'>qui</span> <span class='ocrx_word' id='word_1_144' title='bbox 1153 2189 1179 2234; x_wconf 92' lang='lat' dir='ltr'>e.</span> <span class='ocrx_word' id='word_1_145' title='bbox 1193 2190 1222 2252; x_wconf 89' lang='lat' dir='ltr'>q.</span> <span class='ocrx_word' id='word_1_146' title='bbox 1234 2190 1259 2234; x_wconf 77' lang='lat' dir='ltr'>s,</span> 
     </span>
    </p>

    <p class='ocr_par' dir='ltr' id='par_1_8' title="bbox 244 2267 1412 2453">
     <span class='ocr_line' id='line_1_20' title="bbox 326 2267 1412 2349; baseline -0.002 -13"><span class='ocrx_word' id='word_1_147' title='bbox 326 2271 446 2336; x_wconf 82' lang='lat' dir='ltr'>Eodem</span> <span class='ocrx_word' id='word_1_148' title='bbox 484 2268 582 2332; x_wconf 94' lang='lat' dir='ltr'>modo</span> <span class='ocrx_word' id='word_1_149' title='bbox 621 2270 694 2348; x_wconf 88' lang='lat' dir='ltr'>post</span> <span class='ocrx_word' id='word_1_150' title='bbox 733 2267 837 2330; x_wconf 87' lang='lat' dir='ltr'>locum</span> <span class='ocrx_word' id='word_1_151' title='bbox 878 2267 1017 2349; x_wconf 88' lang='lat' dir='ltr'>aliquem</span> <span class='ocrx_word' id='word_1_152' title='bbox 1049 2287 1253 2333; x_wconf 87' lang='lat' dir='ltr'>communem</span> <span class='ocrx_word' id='word_1_153' title='bbox 1287 2274 1412 2334; x_wconf 87' lang='lat' dir='ltr'>certum</span> 
     </span>
     <span class='ocr_line' id='line_1_21' title="bbox 244 2366 1297 2453; baseline -0.003 -18"><span class='ocrx_word' id='word_1_154' title='bbox 244 2371 408 2453; x_wconf 89' lang='lat' dir='ltr'>quoddam</span> <span class='ocrx_word' id='word_1_155' title='bbox 436 2369 617 2450; x_wconf 85' lang='lat' dir='ltr'>exemplum</span> <span class='ocrx_word' id='word_1_156' title='bbox 640 2366 723 2430; x_wconf 82' lang='lat' dir='ltr'>ceint</span> <span class='ocrx_word' id='word_1_157' title='bbox 745 2367 856 2430; x_wconf 85' lang='lat' dir='ltr'>addito</span> <span class='ocrx_word' id='word_1_158' title='bbox 880 2367 1012 2431; x_wconf 86' lang='lat' dir='ltr'>affertur</span> <span class='ocrx_word' id='word_1_159' title='bbox 1033 2368 1152 2432; x_wconf 88' lang='lat' dir='ltr'>Pacuv.</span> <span class='ocrx_word' id='word_1_160' title='bbox 1174 2389 1203 2432; x_wconf 88' lang='lat' dir='ltr'>v.</span> <span class='ocrx_word' id='word_1_161' title='bbox 1227 2369 1297 2433; x_wconf 85' lang='lat'><strong>375.</strong></span> 
     </span>
    </p>
   </div>
   <div class='ocr_carea' id='block_1_8' title="bbox 326 2472 1413 2557">
    <p class='ocr_par' dir='ltr' id='par_1_9' title="bbox 326 2472 1413 2557">
     <span class='ocr_line' id='line_1_22' title="bbox 326 2472 1413 2557; baseline -0.001 -16"><span class='ocrx_word' id='word_1_162' title='bbox 326 2477 456 2541; x_wconf 86' lang='lat' dir='ltr'>Incertis</span> <span class='ocrx_word' id='word_1_163' title='bbox 467 2476 661 2538; x_wconf 89' lang='lat' dir='ltr'>incertorum</span> <span class='ocrx_word' id='word_1_164' title='bbox 678 2473 793 2537; x_wconf 82' lang='lat' dir='ltr'>fabulis</span> <span class='ocrx_word' id='word_1_165' title='bbox 805 2473 838 2536; x_wconf 91' lang='lat' dir='ltr'>hi</span> <span class='ocrx_word' id='word_1_166' title='bbox 849 2493 959 2538; x_wconf 89' lang='lat' dir='ltr'>versus</span> <span class='ocrx_word' id='word_1_167' title='bbox 970 2472 1012 2553; x_wconf 83' lang='lat' dir='ltr'>(u.</span> <span class='ocrx_word' id='word_1_168' title='bbox 1024 2475 1066 2539; x_wconf 79' lang='lat'>49</span> <span class='ocrx_word' id='word_1_169' title='bbox 1073 2473 1157 2557; x_wconf 90' lang='lat' dir='ltr'>sqq.)</span> <span class='ocrx_word' id='word_1_170' title='bbox 1173 2475 1413 2540; x_wconf 90' lang='lat' dir='ltr'>attribuuntur:</span> 
     </span>
    </p>
   </div>
   <div class='ocr_carea' id='block_1_9' title="bbox 395 2579 983 2821">
    <p class='ocr_par' dir='ltr' id='par_1_10' title="bbox 395 2579 983 2821">
     <span class='ocr_line' id='line_1_23' title="bbox 395 2579 906 2650; baseline -0.004 -16"><span class='ocrx_word' id='word_1_171' title='bbox 395 2583 493 2650; x_wconf 87' lang='lat' dir='ltr'>Aperte</span> <span class='ocrx_word' id='word_1_172' title='bbox 512 2581 584 2633; x_wconf 85' lang='lat' dir='ltr'>fatur</span> <span class='ocrx_word' id='word_1_173' title='bbox 602 2581 692 2646; x_wconf 85' lang='lat' dir='ltr'>dictio,</span> <span class='ocrx_word' id='word_1_174' title='bbox 711 2581 733 2632; x_wconf 92' lang='lat' dir='ltr'>si</span> <span class='ocrx_word' id='word_1_175' title='bbox 752 2579 906 2648; x_wconf 85' lang='lat' dir='ltr'>intellegas:</span> 
     </span>
     <span class='ocr_line' id='line_1_24' title="bbox 395 2666 978 2734; baseline -0.003 -14"><span class='ocrx_word' id='word_1_176' title='bbox 395 2669 454 2720; x_wconf 86' lang='lat' dir='ltr'>Tali</span> <span class='ocrx_word' id='word_1_177' title='bbox 472 2667 529 2719; x_wconf 86' lang='lat' dir='ltr'>dari</span> <span class='ocrx_word' id='word_1_178' title='bbox 549 2683 629 2732; x_wconf 86' lang='lat' dir='ltr'>arma,</span> <span class='ocrx_word' id='word_1_179' title='bbox 649 2666 735 2734; x_wconf 87' lang='lat' dir='ltr'>qualis</span> <span class='ocrx_word' id='word_1_180' title='bbox 753 2667 797 2733; x_wconf 91' lang='lat' dir='ltr'>qui</span> <span class='ocrx_word' id='word_1_181' title='bbox 817 2667 900 2733; x_wconf 84' lang='lat' dir='ltr'>gessit</span> <span class='ocrx_word' id='word_1_182' title='bbox 919 2666 978 2730; x_wconf 85' lang='lat' dir='ltr'>luit,</span> 
     </span>
     <span class='ocr_line' id='line_1_25' title="bbox 395 2751 983 2821; baseline -0.003 -16"><span class='ocrx_word' id='word_1_183' title='bbox 395 2753 479 2817; x_wconf 89' lang='lat' dir='ltr'>lubet,</span> <span class='ocrx_word' id='word_1_184' title='bbox 501 2753 579 2821; x_wconf 87' lang='lat' dir='ltr'>potiri</span> <span class='ocrx_word' id='word_1_185' title='bbox 598 2753 620 2804; x_wconf 89' lang='lat' dir='ltr'>si</span> <span class='ocrx_word' id='word_1_186' title='bbox 638 2751 800 2814; x_wconf 87' lang='lat' dir='ltr'>studeamus,</span> <span class='ocrx_word' id='word_1_187' title='bbox 819 2752 983 2819; x_wconf 81' lang='lat' dir='ltr'>Pergamum.</span> 
     </span>
    </p>
   </div>
   <div class='ocr_carea' id='block_1_10' title="bbox 394 2836 1140 3077">
    <p class='ocr_par' dir='ltr' id='par_1_11' title="bbox 394 2836 1140 3077">
     <span class='ocr_line' id='line_1_26' title="bbox 395 2836 1103 2905; baseline 0 -15"><span class='ocrx_word' id='word_1_188' title='bbox 395 2838 478 2900; x_wconf 83' lang='lat' dir='ltr'>Quem</span> <span class='ocrx_word' id='word_1_189' title='bbox 496 2854 544 2905; x_wconf 87' lang='lat' dir='ltr'>ogo</span> <span class='ocrx_word' id='word_1_190' title='bbox 564 2853 605 2889; x_wconf 86' lang='lat' dir='ltr'>me</span> <span class='ocrx_word' id='word_1_191' title='bbox 625 2836 750 2905; x_wconf 88' lang='lat' dir='ltr'>profiteor</span> <span class='ocrx_word' id='word_1_192' title='bbox 770 2853 836 2903; x_wconf 86' lang='lat' dir='ltr'>esse,</span> <span class='ocrx_word' id='word_1_193' title='bbox 854 2842 921 2890; x_wconf 86' lang='lat' dir='ltr'>mest</span> <span class='ocrx_word' id='word_1_194' title='bbox 940 2854 1030 2890; x_wconf 84' lang='lat' dir='ltr'>aecum</span> <span class='ocrx_word' id='word_1_195' title='bbox 1050 2837 1103 2890; x_wconf 81' lang='lat' dir='ltr'>frui</span> 
     </span>
     <span class='ocr_line' id='line_1_27' title="bbox 394 2923 965 2991; baseline 0.002 -16"><span class='ocrx_word' id='word_1_196' title='bbox 394 2923 529 2976; x_wconf 84' lang='lat' dir='ltr'>Fraternis</span> <span class='ocrx_word' id='word_1_197' title='bbox 548 2923 627 2975; x_wconf 85' lang='lat' dir='ltr'>armis</span> <span class='ocrx_word' id='word_1_198' title='bbox 646 2924 762 2991; x_wconf 91' lang='lat' dir='ltr'>mihique</span> <span class='ocrx_word' id='word_1_199' title='bbox 780 2924 965 2990; x_wconf 84' lang='lat' dir='ltr'>ediudiearier,</span> 
     </span>
     <span class='ocr_line' id='line_1_28' title="bbox 395 3008 1140 3077; baseline 0.004 -18"><span class='ocrx_word' id='word_1_200' title='bbox 395 3008 443 3061; x_wconf 89' lang='lat' dir='ltr'>Vel</span> <span class='ocrx_word' id='word_1_201' title='bbox 463 3009 534 3077; x_wconf 90' lang='lat' dir='ltr'>quod</span> <span class='ocrx_word' id='word_1_202' title='bbox 552 3008 718 3077; x_wconf 90' lang='lat' dir='ltr'>propinquus</span> <span class='ocrx_word' id='word_1_203' title='bbox 737 3009 777 3061; x_wconf 83' lang='lat' dir='ltr'>vel</span> <span class='ocrx_word' id='word_1_204' title='bbox 798 3009 869 3077; x_wconf 90' lang='lat' dir='ltr'>quod</span> <span class='ocrx_word' id='word_1_205' title='bbox 888 3010 985 3062; x_wconf 84' lang='lat' dir='ltr'>virtute</span> <span class='ocrx_word' id='word_1_206' title='bbox 1005 3010 1140 3075; x_wconf 78' lang='lat' dir='ltr'>aemulus3</span> 
     </span>
    </p>
   </div>
   <div class='ocr_carea' id='block_1_11' title="bbox 244 3101 1416 3387">
    <p class='ocr_par' dir='ltr' id='par_1_12' title="bbox 244 3101 1416 3387">
     <span class='ocr_line' id='line_1_29' title="bbox 245 3101 1415 3186; baseline -0.001 -20"><span class='ocrx_word' id='word_1_207' title='bbox 245 3102 358 3166; x_wconf 85' lang='lat' dir='ltr'>eodem</span> <span class='ocrx_word' id='word_1_208' title='bbox 379 3102 476 3166; x_wconf 93' lang='lat' dir='ltr'>modo</span> <span class='ocrx_word' id='word_1_209' title='bbox 498 3122 563 3184; x_wconf 91' lang='lat' dir='ltr'>quo</span> <span class='ocrx_word' id='word_1_210' title='bbox 584 3104 614 3165; x_wconf 84' lang='lat' dir='ltr'>si</span> <span class='ocrx_word' id='word_1_211' title='bbox 634 3104 796 3186; x_wconf 77' lang='lat' dir='ltr'>intellcpus</span> <span class='ocrx_word' id='word_1_212' title='bbox 818 3103 914 3166; x_wconf 86' lang='lat' dir='ltr'>etiarn</span> <span class='ocrx_word' id='word_1_213' title='bbox 937 3103 1084 3167; x_wconf 80' lang='lat' dir='ltr'>cel—vel</span> <span class='ocrx_word' id='word_1_214' title='bbox 1107 3104 1148 3167; x_wconf 89' lang='lat' dir='ltr'>ad</span> <span class='ocrx_word' id='word_1_215' title='bbox 1173 3102 1240 3167; x_wconf 92' lang='lat' dir='ltr'>eius</span> <span class='ocrx_word' id='word_1_216' title='bbox 1254 3101 1309 3184; x_wconf 90' lang='lat' dir='ltr'>qui</span> <span class='ocrx_word' id='word_1_217' title='bbox 1325 3121 1415 3166; x_wconf 91' lang='lat' dir='ltr'>com-</span> 
     </span>
     <span class='ocr_line' id='line_1_30' title="bbox 244 3202 1416 3283; baseline 0.001 -19"><span class='ocrx_word' id='word_1_218' title='bbox 244 3202 397 3283; x_wconf 84' lang='lat' dir='ltr'>pellatur,</span> <span class='ocrx_word' id='word_1_219' title='bbox 425 3202 594 3266; x_wconf 89' lang='lat' dir='ltr'>arbitrium</span> <span class='ocrx_word' id='word_1_220' title='bbox 615 3206 771 3283; x_wconf 87' lang='lat' dir='ltr'>provocat</span> <span class='ocrx_word' id='word_1_221' title='bbox 804 3203 901 3266; x_wconf 86' lang='lat' dir='ltr'>etsie</span> <span class='ocrx_word' id='word_1_222' title='bbox 923 3202 1171 3283; x_wconf 84' lang='lat' dir='ltr'>intellegendum</span> <span class='ocrx_word' id='word_1_223' title='bbox 1195 3205 1259 3266; x_wconf 87' lang='lat' dir='ltr'>est:</span> <span class='ocrx_word' id='word_1_224' title='bbox 1289 3202 1416 3265; x_wconf 79' lang='lat' dir='ltr'>utravis</span> 
     </span>
     <span class='ocr_line' id='line_1_31' title="bbox 246 3301 1414 3387; baseline 0 -24"><span class='ocrx_word' id='word_1_225' title='bbox 246 3301 284 3365; x_wconf 84' lang='lat' dir='ltr'>dc</span> <span class='ocrx_word' id='word_1_226' title='bbox 300 3320 398 3364; x_wconf 83' lang='lat' dir='ltr'>causa</span> <span class='ocrx_word' id='word_1_227' title='bbox 413 3301 492 3364; x_wconf 78' lang='lat' dir='ltr'>alibi</span> <span class='ocrx_word' id='word_1_228' title='bbox 506 3322 598 3364; x_wconf 83' lang='lat' dir='ltr'>arma</span> <span class='ocrx_word' id='word_1_229' title='bbox 616 3302 800 3365; x_wconf 80' lang='lat' dir='ltr'>adiudicari</span> <span class='ocrx_word' id='word_1_230' title='bbox 815 3323 947 3386; x_wconf 83' lang='lat' dir='ltr'>aequum</span> <span class='ocrx_word' id='word_1_231' title='bbox 969 3309 1020 3380; x_wconf 86' lang='lat' dir='ltr'>est,</span> <span class='ocrx_word' id='word_1_232' title='bbox 1042 3306 1089 3367; x_wconf 85' lang='lat' dir='ltr'>uel</span> <span class='ocrx_word' id='word_1_233' title='bbox 1104 3304 1187 3383; x_wconf 86' lang='lat' dir='ltr'>quod</span> <span class='ocrx_word' id='word_1_234' title='bbox 1200 3339 1241 3347; x_wconf 96' lang='lat'>-</span> <span class='ocrx_word' id='word_1_235' title='bbox 1257 3305 1304 3367; x_wconf 80' lang='lat' dir='ltr'>ccl</span> <span class='ocrx_word' id='word_1_236' title='bbox 1320 3302 1414 3387; x_wconf 80' lang='lat' dir='ltr'>quod.</span> 
     </span>
    </p>
   </div>
   <div class='ocr_carea' id='block_1_12' title="bbox 246 3408 1415 3590">
    <p class='ocr_par' dir='ltr' id='par_1_13' title="bbox 246 3408 1415 3590">
     <span class='ocr_line' id='line_1_32' title="bbox 327 3408 1415 3490; baseline -0.001 -18"><span class='ocrx_word' id='word_1_237' title='bbox 327 3408 442 3474; x_wconf 86' lang='lat' dir='ltr'>Restat</span> <span class='ocrx_word' id='word_1_238' title='bbox 468 3408 546 3472; x_wconf 88' lang='lat' dir='ltr'>Acci</span> <span class='ocrx_word' id='word_1_239' title='bbox 575 3408 706 3472; x_wconf 89' lang='lat' dir='ltr'>Medeae</span> <span class='ocrx_word' id='word_1_240' title='bbox 730 3409 956 3490; x_wconf 83' lang='lat' dir='ltr'>fragmentum.</span> <span class='ocrx_word' id='word_1_241' title='bbox 997 3409 1113 3474; x_wconf 88' lang='lat' dir='ltr'>Pastor</span> <span class='ocrx_word' id='word_1_242' title='bbox 1139 3430 1255 3475; x_wconf 91' lang='lat' dir='ltr'>navem</span> <span class='ocrx_word' id='word_1_243' title='bbox 1280 3408 1415 3474; x_wconf 89' lang='lat' dir='ltr'>adveni-</span> 
     </span>
     <span class='ocr_line' id='line_1_33' title="bbox 246 3506 1120 3590; baseline 0.002 -19"><span class='ocrx_word' id='word_1_244' title='bbox 246 3511 353 3571; x_wconf 89' lang='lat' dir='ltr'>entem</span> <span class='ocrx_word' id='word_1_245' title='bbox 375 3506 512 3571; x_wconf 88' lang='lat' dir='ltr'>miratus</span> <span class='ocrx_word' id='word_1_246' title='bbox 534 3507 611 3573; x_wconf 89' lang='lat' dir='ltr'>talia</span> <span class='ocrx_word' id='word_1_247' title='bbox 633 3527 741 3571; x_wconf 88' lang='lat' dir='ltr'>secum</span> <span class='ocrx_word' id='word_1_248' title='bbox 764 3509 863 3572; x_wconf 86' lang='lat' dir='ltr'>volvit</span> <span class='ocrx_word' id='word_1_249' title='bbox 885 3508 927 3589; x_wconf 90' lang='lat' dir='ltr'>(v.</span> <span class='ocrx_word' id='word_1_250' title='bbox 948 3509 1008 3573; x_wconf 86' lang='lat'>395</span> <span class='ocrx_word' id='word_1_251' title='bbox 1019 3508 1120 3590; x_wconf 90' lang='lat' dir='ltr'>sqq.):</span> 
     </span>
    </p>
   </div>
   <div class='ocr_carea' id='block_1_13' title="bbox 396 3614 1088 3934">
    <p class='ocr_par' dir='ltr' id='par_1_14' title="bbox 396 3614 1088 3934">
     <span class='ocr_line' id='line_1_34' title="bbox 397 3614 1088 3682; baseline 0.003 -17"><span class='ocrx_word' id='word_1_252' title='bbox 397 3614 437 3666; x_wconf 87' lang='lat' dir='ltr'>lta</span> <span class='ocrx_word' id='word_1_253' title='bbox 456 3614 517 3666; x_wconf 91' lang='lat' dir='ltr'>dum</span> <span class='ocrx_word' id='word_1_254' title='bbox 537 3615 714 3682; x_wconf 85' lang='lat' dir='ltr'>interruptum</span> <span class='ocrx_word' id='word_1_255' title='bbox 734 3615 824 3667; x_wconf 86' lang='lat' dir='ltr'>credas</span> <span class='ocrx_word' id='word_1_256' title='bbox 843 3615 961 3667; x_wconf 90' lang='lat' dir='ltr'>nimbum</span> <span class='ocrx_word' id='word_1_257' title='bbox 981 3614 1088 3681; x_wconf 89' lang='lat' dir='ltr'>volvier,</span> 
     </span>
     <span class='ocr_line' id='line_1_35' title="bbox 397 3699 1025 3769; baseline 0 -18"><span class='ocrx_word' id='word_1_258' title='bbox 397 3699 465 3751; x_wconf 89' lang='lat' dir='ltr'>Dum</span> <span class='ocrx_word' id='word_1_259' title='bbox 484 3699 553 3766; x_wconf 90' lang='lat' dir='ltr'>quod</span> <span class='ocrx_word' id='word_1_260' title='bbox 574 3699 685 3752; x_wconf 86' lang='lat' dir='ltr'>sublime</span> <span class='ocrx_word' id='word_1_261' title='bbox 705 3701 790 3752; x_wconf 87' lang='lat' dir='ltr'>ventis</span> <span class='ocrx_word' id='word_1_262' title='bbox 809 3701 948 3769; x_wconf 85' lang='lat' dir='ltr'>expulsum</span> <span class='ocrx_word' id='word_1_263' title='bbox 968 3701 1025 3767; x_wconf 89' lang='lat' dir='ltr'>rapi</span> 
     </span>
     <span class='ocr_line' id='line_1_36' title="bbox 396 3784 1051 3854; baseline 0 -17"><span class='ocrx_word' id='word_1_264' title='bbox 396 3785 494 3837; x_wconf 79' lang='lat' dir='ltr'>Saxum</span> <span class='ocrx_word' id='word_1_265' title='bbox 513 3789 559 3837; x_wconf 90' lang='lat' dir='ltr'>aut</span> <span class='ocrx_word' id='word_1_266' title='bbox 577 3784 710 3853; x_wconf 87' lang='lat' dir='ltr'>procellis,</span> <span class='ocrx_word' id='word_1_267' title='bbox 729 3785 769 3838; x_wconf 88' lang='lat' dir='ltr'>vel</span> <span class='ocrx_word' id='word_1_268' title='bbox 788 3785 913 3854; x_wconf 85' lang='lat' dir='ltr'>globosos</span> <span class='ocrx_word' id='word_1_269' title='bbox 931 3787 1051 3839; x_wconf 90' lang='lat' dir='ltr'>turbines</span> 
     </span>
     <span class='ocr_line' id='line_1_37' title="bbox 396 3869 950 3934; baseline 0.004 -13"><span class='ocrx_word' id='word_1_270' title='bbox 396 3869 515 3923; x_wconf 81' lang='lat' dir='ltr'>Existere</span> <span class='ocrx_word' id='word_1_271' title='bbox 534 3872 600 3924; x_wconf 87' lang='lat' dir='ltr'>ictos</span> <span class='ocrx_word' id='word_1_272' title='bbox 619 3871 698 3923; x_wconf 90' lang='lat' dir='ltr'>undis</span> <span class='ocrx_word' id='word_1_273' title='bbox 718 3872 950 3934; x_wconf 83' lang='lat' dir='ltr'>concursantibus3</span> 
     </span>
    </p>
   </div>
   <div class='ocr_carea' id='block_1_14' title="bbox 247 3961 1416 4147">
    <p class='ocr_par' dir='ltr' id='par_1_15' title="bbox 247 3961 1416 4147">
     <span class='ocr_line' id='line_1_38' title="bbox 247 3961 1416 4046; baseline 0 -22"><span class='ocrx_word' id='word_1_274' title='bbox 247 3962 392 4026; x_wconf 86' lang='lat' dir='ltr'>videmus</span> <span class='ocrx_word' id='word_1_275' title='bbox 413 3964 465 4027; x_wconf 88' lang='lat' dir='ltr'>hic</span> <span class='ocrx_word' id='word_1_276' title='bbox 488 3964 569 4028; x_wconf 91' lang='lat' dir='ltr'>inter</span> <span class='ocrx_word' id='word_1_277' title='bbox 591 3985 624 4028; x_wconf 91' lang='lat' dir='ltr'>se</span> <span class='ocrx_word' id='word_1_278' title='bbox 646 3965 875 4046; x_wconf 88' lang='lat' dir='ltr'>respondentes</span> <span class='ocrx_word' id='word_1_279' title='bbox 897 3965 1232 4027; x_wconf 73' lang='lat' dir='ltr'>datm-dnm—eel.</span> <span class='ocrx_word' id='word_1_280' title='bbox 1272 3961 1416 4025; x_wconf 85' lang='lat' dir='ltr'>Dum-</span> 
     </span>
     <span class='ocr_line' id='line_1_39' title="bbox 247 4062 1416 4147; baseline 0.003 -23"><span class='ocrx_word' id='word_1_281' title='bbox 247 4062 323 4124; x_wconf 81' lang='lat' dir='ltr'>dum</span> <span class='ocrx_word' id='word_1_282' title='bbox 345 4062 405 4126; x_wconf 92' lang='lat' dir='ltr'>hoc</span> <span class='ocrx_word' id='word_1_283' title='bbox 427 4062 497 4126; x_wconf 92' lang='lat' dir='ltr'>loco</span> <span class='ocrx_word' id='word_1_284' title='bbox 514 4066 692 4128; x_wconf 86' lang='lat' dir='ltr'>necessario</span> <span class='ocrx_word' id='word_1_285' title='bbox 709 4065 792 4127; x_wconf 91' lang='lat' dir='ltr'>idem</span> <span class='ocrx_word' id='word_1_286' title='bbox 809 4064 964 4144; x_wconf 83' lang='lat' dir='ltr'>significat</span> <span class='ocrx_word' id='word_1_287' title='bbox 984 4064 1072 4147; x_wconf 88' lang='lat' dir='ltr'>quod</span> <span class='ocrx_word' id='word_1_288' title='bbox 1090 4070 1202 4127; x_wconf 84' lang='lat' dir='ltr'>tum-</span> <span class='ocrx_word' id='word_1_289' title='bbox 1216 4070 1291 4138; x_wconf 84' lang='lat' dir='ltr'>tum,</span> <span class='ocrx_word' id='word_1_290' title='bbox 1313 4081 1416 4143; x_wconf 90' lang='lat' dir='ltr'>quam</span> 
     </span>
    </p>
   </div>
   <div class='ocr_carea' id='block_1_15' title="bbox 0 0 1527 4838">
    <p class='ocr_par' dir='ltr' id='par_1_16' title="bbox 0 0 1527 4838">
     <span class='ocr_line' id='line_1_40' title="bbox 0 0 1527 4838; baseline 0 0"><span class='ocrx_word' id='word_1_291' title='bbox 0 0 1527 4838; x_wconf 95' lang='lat' dir='ltr'> </span> 
     </span>
    </p>
   </div>
  </div>
 </body>
</html>
