3030 4838
652 321 857 386 ..79-

319 499 379 552 Par.
407 498 463 551 Ant
475 498 580 567 quidem
596 498 683 552 hercle
697 515 813 568 parvom,
827 500 850 551 si
860 499 900 551 vis
911 514 971 552 vere
982 515 1070 552 veram
1082 501 1210 553 rationem
1222 505 1340 572 exsequi.

319 587 379 639 Neu
398 601 544 652 maxumas,
562 601 630 654 quae
649 601 788 639 maxumae
807 589 871 639 eunt
888 586 1022 640 interdum
1040 588 1104 654 irae,
1122 588 1236 641 iniurias

319 673 446 726 Faciunt:
464 689 526 725 nam
541 688 620 740 saepe
635 676 683 738 est,
697 673 793 740 quibus
808 673 835 725 in
850 673 931 725 rebus
942 673 1011 726 alius
1024 689 1057 726 ne
1072 675 1156 728 iratus
1172 676 1278 743 quidem
1293 681 1342 742 est,

241 759 291 814 309
324 759 389 812 Cum
409 759 551 811 decadem
572 775 652 812 causa
672 763 715 812 est
733 759 876 812 iracundus
895 760 981 812 lactus
1000 761 1216 818 inimicissimus:

168 853 318 937 quamvis
345 871 440 916 versu
470 854 530 917 306
552 855 692 934 optimus
722 853 823 917 codex
844 852 1019 917 Bembinue
1041 858 1074 918 cl
1096 873 1207 918 omnes
1228 855 1340 938 reliqui

167 954 257 1019 haud
284 954 434 1029 tradant,
467 972 532 1016 non
563 953 697 1017 dubium
719 957 785 1032 est,
816 953 893 1035 quin
916 953 1050 1018 Bentleii
1079 954 1242 1036 egregiam
1264 975 1341 1020 con-

169 1057 324 1120 iecturam
347 1054 447 1119 seculi
469 1059 524 1118 aad
545 1053 684 1118 scribere
706 1053 892 1132 debeamuS,
914 1056 1002 1137 quod
1022 1074 1087 1119 non
1109 1055 1212 1119 solum
1236 1057 1342 1137 aplius

170 1157 212 1220 ad
235 1158 420 1219 contextum
442 1154 592 1236 quadrat,
615 1153 671 1217 scd
693 1172 790 1217 sensu
808 1154 906 1219 lolius
922 1155 984 1219 loci
998 1155 1130 1220 omnino
1151 1157 1341 1238 postulatur.

169 1256 329 1320 Parmeno
359 1254 444 1319 enim
477 1254 668 1334 respondet:
697 1253 781 1319 Sene
800 1274 949 1341 magnum
972 1257 1049 1342 quid
1067 1275 1192 1322 necesse
1213 1264 1257 1321 cel
1276 1280 1342 1323 eae-

169 1357 256 1421 nisse
284 1362 340 1421 uut
360 1355 484 1441 quidem
512 1354 613 1420 hercle
637 1375 770 1440 parvom
793 1355 813 1420 i.
835 1376 862 1420 e.
886 1355 984 1437 „oder
1003 1355 1159 1421 vielmehr
1179 1374 1233 1422 um
1255 1358 1341 1423 mich

171 1456 321 1538 richtiger
342 1453 613 1521 auszuduicken“.

212 1579 305 1645 Hec.
328 1581 448 1663 643sq.

470 1681 515 1736 sed
536 1680 600 1751 quid
619 1679 737 1732 mulieris

322 1768 436 1822 Uxorem
455 1768 537 1822 habes
555 1766 602 1820 aut
621 1768 717 1837 quibus
737 1768 863 1819 moratam
882 1765 1019 1819 moribus?

212 1879 304 1944 Hec.
327 1881 388 1945 655
399 1900 446 1962 sq.

479 1979 503 2034 si
522 1996 555 2032 ex
572 1994 614 2032 me
632 1976 679 2031 illa
699 1978 796 2031 liberos
817 1977 897 2031 vellet
915 1978 966 2031 sibi

324 2066 379 2119 Aut
398 2083 426 2120 se
446 2083 503 2120 esse
521 2082 623 2119 mecum
641 2068 752 2134 nuptam
772 2082 793 2118 e.
806 2081 861 2133 qe.

213 2178 306 2247 Hec.
329 2177 448 2260 llllsq

229 2308 249 2323 a
323 2278 473 2331 Videndum
484 2281 524 2330 est
537 2293 571 2329 ne
584 2276 672 2330 minus
686 2281 795 2346 propter.
806 2277 872 2328 iram
885 2276 953 2329 hane
971 2276 1108 2344 impetrem
1127 2291 1205 2344 quam
1219 2277 1343 2344 possiem,

321 2366 375 2418 Aut
393 2365 493 2434 nequid
511 2364 607 2416 faciam
626 2364 686 2431 plus
705 2363 752 2430 (ec.
771 2363 993 2432 muniminum),
1019 2362 1089 2430 qued
1108 2365 1170 2430 pest
1187 2379 1228 2414 me
1254 2364 1341 2421 minus

1013 2450 1108 2502 secisse
1126 2449 1211 2502 salius
1230 2451 1273 2503 sii.

214 2521 404 2602 numm

444 2620 466 2672 ei
486 2620 557 2673 absis
575 2620 680 2687 uspiam

322 2708 376 2761 Aut
395 2708 432 2760 ibi
451 2707 475 2760 ei
493 2721 581 2760 cesses
602 2722 623 2759 e.
634 2722 659 2775 q.
670 2719 691 2760 e.

191 2781 422 2882 numm

445 2916 535 2954 verum
554 2900 578 2954 si
596 2914 707 2969 augeam

323 2989 378 3041 Aut
396 2988 475 3040 etiam
496 2988 602 3041 adiutor
620 2988 669 3040 sim
688 2988 745 3040 eius
763 2985 917 3040 iracundiae
936 3001 958 3038 e.
970 3001 994 3054 q.
1004 3000 1025 3037 e.

214 3081 282 3147 Ad.
305 3082 363 3145 601

325 3181 353 3234 si
372 3182 411 3234 ila
429 3197 540 3249 aequem
561 3195 654 3233 censes
673 3183 720 3233 eut
738 3178 761 3230 si
779 3178 817 3230 ita
836 3193 904 3246 epus
922 3181 963 3230 esi
980 3177 1059 3242 lecte,
1078 3192 1177 3229 eamus.

213 3274 283 3338 Ad.
302 3275 361 3339 877
374 3294 422 3356 sq.

442 3373 536 3442 ecquid
556 3389 604 3441 ego
623 3373 738 3441 possiem

326 3461 428 3515 Blande
448 3461 535 3515 dicere
554 3464 601 3513 aui
618 3459 733 3528 benigne
753 3459 900 3512 lacere...

258 3642 370 3726 59:
385 3663 456 3726 cap.
478 3643 521 3708 IV
549 3642 566 3724 5
592 3644 629 3707 13
650 3645 683 3706 el
706 3642 760 3707 15:
789 3641 903 3706 eadem
930 3661 996 3720 ree,
1031 3640 1092 3705 nisi
1126 3637 1214 3722 quod
1241 3634 1344 3700 oratio

155 3746 275 3810 'habet
296 3745 432 3827 gradum
456 3744 499 3809 ad
520 3742 685 3826 superiora
708 3742 759 3806 vel
782 3742 824 3807 ad
847 3742 997 3806 inferiora
1019 3740 1215 3805 tendentem.

216 3852 374 3917 Phorm.
397 3851 455 3916 931
469 3870 516 3933 sq.

448 3952 527 4004 etiam
545 3967 617 4004 nune
636 3949 722 4004 eredis
739 3953 767 4002 te
785 3946 932 4017 ignorarier

326 4040 382 4092 Aut
398 4043 445 4092 tua
464 4039 535 4092 iacta
553 4037 640 4091 adeo?

176 4134 195 4198 i.
221 4153 248 4198 e.
275 4133 372 4212 „oder
395 4131 482 4214 gar“.
