3030 4838
709 347 740 358 -
790 313 832 376 84
876 347 909 357 -

265 487 389 551 Andr.
412 487 534 569 tilldsq.

376 588 449 639 blitte
469 603 551 652 orare,
571 603 625 640 una
646 588 737 640 harum
759 603 826 655 quae
845 589 885 640 vis
905 604 986 641 causa
1006 605 1046 641 me
1065 593 1095 641 ut
1113 589 1208 642 taciem
1229 595 1334 642 monet:

375 673 421 725 Vel
439 678 469 725 tu
487 673 528 724 vel
548 673 618 740 quod
637 677 754 726 verumst
772 674 812 725 vel
832 674 902 741 quod
920 675 973 743 ipsi
997 676 1076 743 cupio
1096 675 1232 744 Glyceri03

225 767 312 849 quod
323 766 523 848 perlucidum
534 785 612 829 sane
623 766 804 849 exemplum
816 771 871 845 est,
885 787 962 832 nam
974 767 1064 833 Crito
1074 769 1141 850 ipse
1155 787 1227 832 cum
1241 768 1317 832 dicit
1326 788 1395 832 uno

223 866 435 948 eorumquae
448 867 495 930 cis
508 886 615 944 carisa,
631 866 722 948 quasi
738 866 969 948 interpretatur
984 867 1037 933 illa
1054 870 1099 932 vel
1109 888 1194 950 quae
1205 872 1393 948 sequuntur.

265 974 411 1038 Heaut.
432 973 530 1053 56sq.

377 1073 476 1124 Tamen
495 1071 535 1123 vel
554 1072 638 1124 virtus
657 1075 704 1124 tua
722 1088 763 1124 me
782 1072 822 1124 vel
843 1073 1016 1126 vicinitas...

375 1159 449 1211 Facit
467 1162 497 1209 ut
515 1163 541 1210 te
560 1158 686 1211 audacter
704 1173 823 1211 moneam
844 1164 869 1211 et
888 1159 1066 1222 familiariter3

227 1253 315 1336 quod
337 1252 526 1316 vertendum
551 1254 616 1315 est:
646 1251 767 1332 ,Magst
788 1252 831 1316 du
855 1272 921 1315 nun
945 1253 1038 1316 deine
1059 1253 1170 1334 eigene
1191 1253 1395 1336 Trichtigkeit

227 1353 307 1417 oder
323 1370 438 1415 unsere
450 1350 707 1416 Nachbarschatt
726 1352 773 1416 als
786 1351 897 1416 Grund
916 1351 1110 1431 annehmen,
1131 1352 1299 1435 jedenfalls
1319 1356 1396 1420 sehe

227 1452 277 1518 ich
300 1450 385 1515 mich
409 1450 587 1514 veranlasst
609 1470 640 1515 u.
656 1451 751 1514 s.w.“

308 1599 328 1682 5
349 1597 389 1663 14
406 1628 445 1652 =
468 1618 537 1681 cap.
556 1598 583 1661 V
603 1597 621 1679 ξ
638 1600 675 1663 6:
698 1602 745 1664 vel
767 1599 995 1664 disiunctivum
1017 1599 1147 1665 liberius
1168 1607 1351 1685 usurpatur.

267 1707 390 1772 Andr.
413 1707 474 1770 i65
488 1726 535 1787 sq.

271 1807 323 1860 Sed
334 1824 405 1859 nuno
417 1821 532 1874 peropus
543 1812 591 1865 est,
602 1804 726 1856 authunc
738 1820 796 1856 cum
809 1804 868 1871 ipsa
878 1810 924 1856 aut
934 1804 966 1856 de
977 1805 1023 1858 illa
1032 1823 1073 1858 me
1083 1807 1223 1860 advorsum
1234 1807 1304 1861 hunc
1314 1808 1397 1876 loqui.

271 1893 339 1945 Dum
350 1893 378 1944 in
388 1892 497 1945 dubiost
507 1893 610 1943 animus
624 1890 671 1957 (ec.
681 1889 780 1956 huius),
798 1889 877 1958 paulo
895 1896 1025 1944 momento
1042 1892 1094 1945 huc
1108 1893 1148 1945 vel
1165 1893 1229 1946 illuc
1243 1894 1397 1963 impellitur.

227 1985 415 2068 Spengelius
436 1985 540 2049 Plauti
565 1983 669 2048 locum
694 1982 799 2064 (Capt.
824 1983 885 2048 368
902 1984 986 2065 sqq.)
1009 1985 1179 2065 adscribit,
1204 1987 1294 2052 cuius
1316 1989 1397 2053 mihi

228 2105 358 2168 quoque
380 2085 413 2149 in
434 2088 576 2148 mentem
598 2085 748 2147 venerat:

379 2190 496 2260 Utroque
513 2206 618 2244 vorsum
638 2193 765 2243 rectumst
783 2189 918 2255 ingenium
938 2206 1035 2256 meum,

380 2277 421 2329 Ad
440 2282 466 2330 te
485 2281 564 2345 atque
584 2276 617 2328 ad
635 2276 724 2328 illum:
748 2291 795 2343 pro
815 2280 872 2327 rota
891 2291 931 2327 me
949 2277 989 2328 uti
1009 2276 1079 2330 licet.

379 2363 428 2415 Vel
447 2379 495 2431 ego
514 2364 566 2415 huc
584 2361 624 2415 vel
643 2361 708 2413 illuc
726 2364 814 2412 vortar
833 2375 884 2428 quo
903 2361 1075 2428 imperabitis.

230 2459 321 2537 Quae
343 2458 369 2521 si
390 2457 496 2521 Plauti
525 2456 624 2520 verba
654 2453 862 2531 conferimus,
892 2453 954 2518 hoc
982 2474 1060 2519 sane
1083 2457 1324 2522 concedendum
1349 2465 1399 2525 est

230 2560 262 2622 in
292 2557 486 2622 Terentiano
517 2555 571 2620 illo
600 2574 694 2619 versu
721 2553 914 2635 particulam
943 2557 1069 2635 partem
1098 2556 1248 2637 propriae
1277 2557 1399 2639 signiti-

230 2656 365 2721 cationis
393 2656 545 2720 amisisse.
591 2654 672 2718 Nam
704 2672 776 2717 cum
808 2652 870 2716 illic
900 2653 965 2717 duo
994 2654 1213 2734 appellentur,
1245 2656 1288 2720 ad
1317 2677 1400 2739 quos

230 2755 371 2838 primum
402 2754 544 2834 singulos
566 2755 629 2832 vel,
662 2752 777 2817 deinde
799 2753 913 2816 ambos
936 2772 1001 2816 una
1023 2754 1219 2838 imperabitis
1241 2756 1398 2822 directum

231 2858 279 2920 est
302 2853 353 2935 (cf.
376 2873 407 2934 p.
430 2854 501 2934 56),
524 2852 577 2916 hic
599 2851 700 2916 altera
722 2871 877 2933 persona,
901 2852 951 2915 cui
974 2851 1110 2932 eligendi
1132 2854 1221 2935 optio
1243 2855 1293 2938 sit,
1316 2857 1400 2922 desi-

232 2955 372 3019 deratur.
422 2953 545 3017 Tamen
576 2950 623 3015 vel
656 2971 697 3015 ne
725 2950 777 3014 hic
804 2951 936 3032 quidem
966 2952 1143 3033 simplicem
1173 2953 1399 3022 disiunctivam

230 3055 294 3116 vim
318 3052 462 3134 praebet,
483 3052 539 3116 sed
561 3069 660 3114 unum
684 3070 723 3114 ex
744 3052 980 3132 spectatoribus
998 3051 1153 3133 appellari
1171 3053 1264 3117 nobis
1277 3055 1400 3137 tingere

231 3153 401 3216 debemus:
431 3153 560 3216 animus
581 3152 753 3236 impellitur
774 3153 822 3216 vel
842 3151 902 3215 lucc
923 3153 970 3216 vel
991 3151 1084 3232 illuc,
1113 3152 1180 3215 sive
1200 3154 1236 3216 in
1256 3157 1402 3240 quamvis

229 3254 422 3317 sententium.

271 3359 418 3424 Heaut.
438 3359 499 3423 639
512 3378 558 3440 sq.

380 3458 480 3527 Nempe
500 3458 562 3510 anui
582 3457 621 3509 illi
640 3457 746 3526 prodita
765 3458 812 3509 abs
832 3461 857 3507 te
876 3455 930 3508 filia
949 3460 989 3508 est
1008 3455 1179 3524 planissume,

381 3544 431 3598 Per
448 3548 475 3597 te
494 3543 534 3595 vel
553 3543 592 3595 uti
613 3546 750 3611 quaestum
769 3541 868 3594 laceret
886 3541 926 3593 vel
942 3542 981 3592 uti
1002 3541 1102 3594 veniret
1121 3540 1221 3609 palam;

230 3659 283 3717 eo,
314 3638 402 3722 quod
431 3637 578 3701 additum
609 3640 672 3714 est,
699 3656 762 3720 per
781 3642 809 3698 te
837 3634 1027 3716 significatio
1055 3635 1231 3716 particulae
1261 3634 1293 3698 in
1324 3654 1399 3700 eum
1500 3701 1504 3707 ,

230 3758 359 3802 sensum
390 3737 633 3813 corroboratur,
663 3739 699 3800 ut
729 3739 865 3799 matrem
897 3735 1000 3816 ipsam
1026 3735 1184 3798 dicentem
1209 3735 1400 3807 audiamus;

230 3838 350 3901 scilicet
381 3837 434 3901 illa
464 3836 545 3900 haec
573 3829 717 3899 dixerat:
751 3832 816 3898 Per
843 3855 892 3898 me
921 3837 967 3899 oei
992 3833 1049 3916 fac
1069 3841 1231 3920 quaestum
1259 3837 1306 3900 vel
1328 3835 1402 3899 veni

225 3940 349 4022 polum.
388 3935 483 4013 Quod
513 3935 714 3998 enuntiatum
747 3954 819 3997 cum
850 3933 882 3997 in
910 3934 1088 3998 orationem
1119 3934 1309 3999 indirectam
1332 3936 1401 3998 tra-

232 4037 366 4100 ductum
390 4037 439 4110 sit,
463 4037 509 4098 ecl
531 4053 660 4116 quoque
683 4037 846 4097 servatum
869 4038 926 4105 est,
952 4035 1100 4114 quamvis
1121 4034 1164 4098 ad
1182 4033 1309 4098 tertiam
1327 4052 1401 4114 per-

230 4156 343 4201 sonam
366 4135 527 4217 particula
549 4134 702 4200 accedere
725 4153 789 4198 non
812 4133 937 4197 soleret.
