3030 4838
719 288 926 358 ..73-

240 469 349 554 perire
376 468 463 533 onim
492 473 524 534 et
554 471 590 534 iu
609 471 783 555 ριἐινίηαηι
804 472 854 536 vel
882 472 918 535 in
938 472 1054 536 metum
1075 470 1152 536 duri
1174 473 1418 540 comoediarum

243 568 343 633 servis
363 586 464 634 unum
485 573 584 652 atque
605 571 689 636 idem
712 574 768 636 est.

284 675 384 741 Eun.
410 675 448 739 14
458 695 505 757 sq.

395 775 497 828 Dehine
514 791 548 828 ne
567 775 710 829 frustretur
728 777 786 845 ipse
805 793 833 830 se
852 782 898 831 aut
916 778 955 830 sio
973 778 1085 846 cogitet:

395 863 556 933 ‘Defunctus
574 864 626 917 iam
645 880 714 930 sum,
731 864 798 917 nihil
817 869 865 930 est,
884 865 955 933 quod
974 864 1046 917 dieat
1061 858 1150 929 mihi’3

242 976 275 1022 ee
304 956 469 1039 frustrari
501 959 599 1037 atque
633 956 695 1020 hoe
728 958 865 1038 mettere
893 957 979 1022 idem
1011 956 1120 1021 valent
1127 981 1136 1034 5
1173 977 1249 1022 nam
1282 978 1317 1023 se
1349 959 1418 1041 ipse

243 1058 425 1134 frustratur,
447 1055 474 1120 si
496 1056 612 1121 falsum
632 1057 718 1121 istud
739 1059 869 1139 cogitat.

281 1163 403 1228 Andr.
426 1163 486 1227 306
498 1183 567 1245 sqq.

496 1264 573 1317 Nune
590 1269 618 1317 te
638 1280 686 1333 per
704 1265 846 1318 amicitiam
865 1269 892 1317 et
910 1281 958 1334 per
976 1256 1090 1318 amorem
1111 1265 1229 1332 obsecro,

390 1350 525 1418 Principio
543 1355 573 1403 ut
591 1367 625 1403 ne
644 1351 733 1405 ducas.
745 1381 777 1389 -
788 1352 862 1405 Dabo
882 1353 1003 1420 equidem
1022 1369 1137 1420 operam.
1153 1352 1251 1405 -Sed
1271 1352 1293 1404 si
1312 1352 1341 1405 id
1359 1369 1414 1406 nou

390 1438 445 1490 Aut
462 1437 512 1490 tibi
530 1439 641 1506 nuptiae
660 1439 725 1491 haee
744 1443 808 1492 sunt
826 1439 899 1492 oordi
919 1467 954 1478 —
1243 1437 1345 1508 [potest

281 1530 375 1595 Eun.
398 1531 439 1595 89
450 1550 497 1613 sq.

390 1629 460 1684 Sane
481 1632 544 1700 quia
559 1647 620 1684 vero
639 1630 705 1684 haee
723 1632 787 1685 mihi
805 1636 898 1700 patent
916 1648 1021 1702 semper
1038 1631 1108 1686 fores

389 1718 444 1770 Aut
462 1719 524 1786 quia
542 1734 600 1771 sum
618 1719 690 1787 apud
709 1723 735 1771 te
753 1721 862 1787 primus.

279 1811 363 1876 Eun
383 1812 504 1894 43isq.

393 1911 464 1978 Scin,
484 1911 613 1981 siquando
632 1911 679 1964 illa
697 1912 857 1964 mentionem
876 1912 1023 1966 Phaedriae

387 2000 462 2052 Facit
480 2003 527 2051 aut
545 1998 567 2052 si
585 1998 686 2064 laudat,
704 2003 731 2051 te
748 2003 779 2052 ut
798 1999 866 2052 malo
884 1999 964 2053 uret?

278 2094 372 2159 Eun.
398 2092 478 2157 1044

389 2192 458 2256 Quid
477 2208 675 2246 commemorem
695 2192 807 2261 primum
827 2197 873 2245 aut
890 2193 996 2247 laudern
1015 2192 1157 2246 maxume?

278 2287 422 2352 Heaut.
446 2286 504 2350 671
522 2301 569 2368 sq.

386 2388 453 2439 Nam
472 2386 542 2455 quod
561 2385 594 2438 de
612 2388 723 2454 argento
742 2401 845 2454 sperem
864 2389 911 2438 aut
929 2401 1007 2454 posse
1026 2385 1157 2454 postulem
1176 2402 1218 2439 me
1236 2385 1329 2439 fallere

385 2473 457 2527 Nihil
476 2477 525 2526 est.

274 2566 435 2631 Phorm.
462 2566 500 2631 iu
521 2563 572 2648 (ci.
594 2567 675 2630 Eun.
699 2563 750 2646 14)

384 2667 462 2720 Nune
481 2667 505 2720 si
525 2667 586 2736 quis
603 2670 644 2719 est
665 2666 710 2734 qui
728 2665 779 2718 hoe
798 2665 869 2718 dieat
887 2668 934 2718 aut
952 2666 991 2718 sio
1009 2667 1108 2734 cogitet
1126 2683 1149 2722 e.
1160 2684 1184 2735 q.
1195 2684 1216 2721 s.

274 2761 435 2825 Phorm.
458 2759 519 2823 305
531 2778 579 2840 sq.

552 2857 684 2910 hominem
703 2857 932 2911 commonstrarier

384 2945 448 2999 Mihi
467 2946 547 2998 istum
566 2944 626 2997 volo
646 2948 692 2997 aut
710 2945 758 2997 uhi
776 2945 878 2997 habitet
897 2945 1116 3011 demonstrarier3

231 3041 270 3105 cf.
292 3039 383 3122 Epid.
405 3059 434 3104 v.
458 3040 519 3104 536
543 3036 655 3121 (supra
674 3058 706 3120 p.
722 3037 838 3120 45sq).

272 3145 430 3210 Phorm.
449 3145 512 3210 408

383 3246 476 3299 Potius
497 3261 575 3313 quam
594 3244 655 3297 lites
673 3248 758 3297 secter
777 3245 824 3296 aut
842 3259 920 3312 quam
939 3246 965 3296 te
984 3243 1090 3295 audiam
1109 3258 1132 3296 e.
1142 3259 1167 3311 q.
1178 3258 1200 3296 s.

234 3339 388 3404 Phormio
410 3338 495 3403 enim
516 3337 549 3401 id
570 3337 676 3419 ipsum
697 3336 726 3401 ei
749 3339 911 3415 suaserat,
940 3340 975 3401 ut
997 3354 1065 3402 rem
1095 3336 1211 3400 iterum
1240 3335 1402 3417 agendam

232 3440 391 3505 iudicibus
410 3439 561 3503 traderet.

269 3546 426 3611 Phorm.
449 3546 567 3626 690sq.

386 3644 455 3708 Quid
474 3645 562 3698 minus
580 3643 673 3696 utibile
694 3643 745 3695 fuit
763 3656 840 3711 quam
860 3643 910 3696 hoo
927 3643 1004 3695 uleus
1024 3645 1134 3710 tangere

381 3733 436 3785 Aut
454 3733 591 3784 nominare
609 3729 738 3784 uxorem?

230 3827 301 3909 ipsa
323 3825 408 3891 enim
431 3845 512 3890 uxor
533 3825 624 3890 ulcus
645 3828 702 3904 est,
725 3824 814 3906 quod
833 3823 1036 3889 nominatum
1064 3822 1130 3888 sive
1159 3825 1282 3888 tactum
1304 3823 1402 3890 dolet.

272 3933 365 3998 Hec.
388 3933 449 3997 304
462 3952 532 4014 sqq.

382 4033 435 4087 Sed
453 4046 578 4101 magnum
596 4031 687 4086 neseio
707 4030 770 4100 quid
788 4040 897 4082 neeesse
916 4033 956 4082 est
974 4029 1094 4083 evenisse
1112 4021 1250 4098 Parmeno,

300 4120 351 4174 305
383 4119 459 4173 Unde
477 4121 518 4174 ira
536 4121 607 4174 inter
626 4130 671 4173 eas
689 4117 849 4184 intercessit,
870 4132 937 4186 quae
956 4122 1010 4170 tam
1029 4118 1175 4186 permansit
1194 4117 1248 4172 diu.
1268 4147 1301 4156 -
