<?xml version="1.0" encoding="UTF-8"?>
<!DOCTYPE html PUBLIC "-//W3C//DTD XHTML 1.0 Transitional//EN"
    "http://www.w3.org/TR/xhtml1/DTD/xhtml1-transitional.dtd">
<html xmlns="http://www.w3.org/1999/xhtml" xml:lang="en" lang="en">
 <head>
  <title>
</title>
<meta http-equiv="Content-Type" content="text/html;charset=utf-8" />
  <meta name='ocr-system' content='tesseract 3.04.00' />
  <meta name='ocr-capabilities' content='ocr_page ocr_carea ocr_par ocr_line ocrx_word'/>
</head>
<body>
  <div class='ocr_page' id='page_1' title='image "./develimperativo00kohlgoog_0099.png"; bbox 0 0 3030 4838; ppageno 0'>
   <div class='ocr_carea' id='block_1_1' title="bbox 712 318 917 380">
    <p class='ocr_par' dir='ltr' id='par_1_1' title="bbox 712 318 917 380">
     <span class='ocr_line' id='line_1_1' title="bbox 712 318 917 380; baseline 0.005 -20"><span class='ocrx_word' id='word_1_1' title='bbox 712 318 917 380; x_wconf 65' lang='lat'><strong>‚90-</strong></span> 
     </span>
    </p>
   </div>
   <div class='ocr_carea' id='block_1_2' title="bbox 230 493 1402 673">
    <p class='ocr_par' dir='ltr' id='par_1_2' title="bbox 230 493 1402 673">
     <span class='ocr_line' id='line_1_2' title="bbox 234 493 1402 577; baseline 0 -21"><span class='ocrx_word' id='word_1_2' title='bbox 234 493 341 557; x_wconf 90' lang='lat' dir='ltr'>minus</span> <span class='ocrx_word' id='word_1_3' title='bbox 364 499 457 574; x_wconf 84' lang='lat' dir='ltr'>grata</span> <span class='ocrx_word' id='word_1_4' title='bbox 479 495 559 558; x_wconf 89' lang='lat' dir='ltr'>haec</span> <span class='ocrx_word' id='word_1_5' title='bbox 581 495 761 574; x_wconf 79' lang='lat' dir='ltr'>particulae</span> <span class='ocrx_word' id='word_1_6' title='bbox 780 499 828 560; x_wconf 84' lang='lat' dir='ltr'>vet</span> <span class='ocrx_word' id='word_1_7' title='bbox 849 496 994 577; x_wconf 88' lang='lat' dir='ltr'>exempla</span> <span class='ocrx_word' id='word_1_8' title='bbox 1017 515 1052 559; x_wconf 90' lang='lat' dir='ltr'>se</span> <span class='ocrx_word' id='word_1_9' title='bbox 1074 497 1228 574; x_wconf 89' lang='lat' dir='ltr'>offerunt,</span> <span class='ocrx_word' id='word_1_10' title='bbox 1260 513 1345 576; x_wconf 89' lang='lat' dir='ltr'>quae</span> <span class='ocrx_word' id='word_1_11' title='bbox 1369 494 1402 556; x_wconf 91' lang='lat' dir='ltr'>in</span> 
     </span>
     <span class='ocr_line' id='line_1_3' title="bbox 230 591 697 673; baseline 0.006 -19"><span class='ocrx_word' id='word_1_12' title='bbox 230 593 371 673; x_wconf 82' lang='lat' dir='ltr'>prologis</span> <span class='ocrx_word' id='word_1_13' title='bbox 392 591 550 656; x_wconf 83' lang='lat' dir='ltr'><strong>Plautinis</strong></span> <span class='ocrx_word' id='word_1_14' title='bbox 573 592 697 657; x_wconf 90' lang='lat' dir='ltr'>insunt:</span> 
     </span>
    </p>
   </div>
   <div class='ocr_carea' id='block_1_3' title="bbox 272 697 500 781">
    <p class='ocr_par' dir='ltr' id='par_1_3' title="bbox 272 697 500 781">
     <span class='ocr_line' id='line_1_4' title="bbox 272 697 500 781; baseline 0.004 -20"><span class='ocrx_word' id='word_1_15' title='bbox 272 697 357 762; x_wconf 88' lang='lat' dir='ltr'>Cas.</span> <span class='ocrx_word' id='word_1_16' title='bbox 381 699 421 762; x_wconf 84' lang='lat'>75</span> <span class='ocrx_word' id='word_1_17' title='bbox 432 719 500 781; x_wconf 89' lang='lat' dir='ltr'>sqq.</span> 
     </span>
    </p>
   </div>
   <div class='ocr_carea' id='block_1_4' title="bbox 382 804 1029 1046">
    <p class='ocr_par' dir='ltr' id='par_1_4' title="bbox 382 804 1029 1046">
     <span class='ocr_line' id='line_1_5' title="bbox 382 804 1029 873; baseline 0.005 -17"><span class='ocrx_word' id='word_1_18' title='bbox 382 805 410 856; x_wconf 95' lang='lat' dir='ltr'>ld</span> <span class='ocrx_word' id='word_1_19' title='bbox 431 806 458 857; x_wconf 93' lang='lat' dir='ltr'>ni</span> <span class='ocrx_word' id='word_1_20' title='bbox 480 805 518 869; x_wconf 87' lang='lat' dir='ltr'>fit,</span> <span class='ocrx_word' id='word_1_21' title='bbox 537 821 637 857; x_wconf 91' lang='lat' dir='ltr'>mecum</span> <span class='ocrx_word' id='word_1_22' title='bbox 658 805 763 873; x_wconf 79' lang='lat' dir='ltr'>pignus,</span> <span class='ocrx_word' id='word_1_23' title='bbox 783 805 866 872; x_wconf 91' lang='lat' dir='ltr'>siquis</span> <span class='ocrx_word' id='word_1_24' title='bbox 885 804 949 862; x_wconf 84' lang='lat' dir='ltr'>volt.</span> <span class='ocrx_word' id='word_1_25' title='bbox 968 805 1029 859; x_wconf 87' lang='lat' dir='ltr'>dato</span> 
     </span>
     <span class='ocr_line' id='line_1_6' title="bbox 382 890 1005 956; baseline 0.002 -13"><span class='ocrx_word' id='word_1_26' title='bbox 382 892 411 943; x_wconf 93' lang='lat' dir='ltr'>ln</span> <span class='ocrx_word' id='word_1_27' title='bbox 430 909 522 943; x_wconf 89' lang='lat' dir='ltr'>umam</span> <span class='ocrx_word' id='word_1_28' title='bbox 545 891 632 956; x_wconf 89' lang='lat' dir='ltr'>mulsi,</span> <span class='ocrx_word' id='word_1_29' title='bbox 650 891 755 943; x_wconf 89' lang='lat' dir='ltr'>Poenus</span> <span class='ocrx_word' id='word_1_30' title='bbox 775 899 836 942; x_wconf 86' lang='lat' dir='ltr'>dum</span> <span class='ocrx_word' id='word_1_31' title='bbox 856 890 936 943; x_wconf 83' lang='lat' dir='ltr'>iudex</span> <span class='ocrx_word' id='word_1_32' title='bbox 955 893 1005 944; x_wconf 86' lang='lat' dir='ltr'>siet</span> 
     </span>
     <span class='ocr_line' id='line_1_7' title="bbox 382 976 1025 1046; baseline 0.003 -17"><span class='ocrx_word' id='word_1_33' title='bbox 382 976 431 1030; x_wconf 86' lang='lat' dir='ltr'>Vel</span> <span class='ocrx_word' id='word_1_34' title='bbox 452 977 569 1030; x_wconf 88' lang='lat' dir='ltr'>Graecus</span> <span class='ocrx_word' id='word_1_35' title='bbox 589 977 654 1030; x_wconf 87' lang='lat' dir='ltr'>adeo</span> <span class='ocrx_word' id='word_1_36' title='bbox 673 977 713 1030; x_wconf 92' lang='lat' dir='ltr'>vel</span> <span class='ocrx_word' id='word_1_37' title='bbox 733 994 791 1029; x_wconf 86' lang='lat' dir='ltr'>mea</span> <span class='ocrx_word' id='word_1_38' title='bbox 809 993 890 1029; x_wconf 84' lang='lat' dir='ltr'>causa</span> <span class='ocrx_word' id='word_1_39' title='bbox 908 978 1025 1046; x_wconf 74' lang='lat' dir='ltr'>Apulae,</span> 
     </span>
    </p>
   </div>
   <div class='ocr_carea' id='block_1_5' title="bbox 228 1069 1402 1350">
    <p class='ocr_par' dir='ltr' id='par_1_5' title="bbox 228 1069 1402 1350">
     <span class='ocr_line' id='line_1_8' title="bbox 231 1069 1402 1152; baseline 0.003 -20"><span class='ocrx_word' id='word_1_40' title='bbox 231 1069 285 1132; x_wconf 92' lang='lat' dir='ltr'>ubi</span> <span class='ocrx_word' id='word_1_41' title='bbox 309 1073 416 1133; x_wconf 90' lang='lat' dir='ltr'>tamen</span> <span class='ocrx_word' id='word_1_42' title='bbox 439 1070 616 1152; x_wconf 68' lang='lat' dir='ltr'>particulae</span> <span class='ocrx_word' id='word_1_43' title='bbox 633 1074 750 1134; x_wconf 88' lang='lat' dir='ltr'>natura</span> <span class='ocrx_word' id='word_1_44' title='bbox 773 1074 906 1134; x_wconf 87' lang='lat' dir='ltr'>eatenus</span> <span class='ocrx_word' id='word_1_45' title='bbox 924 1071 1036 1134; x_wconf 89' lang='lat' dir='ltr'>saltem</span> <span class='ocrx_word' id='word_1_46' title='bbox 1056 1075 1213 1149; x_wconf 90' lang='lat' dir='ltr'>servatur,</span> <span class='ocrx_word' id='word_1_47' title='bbox 1237 1076 1271 1135; x_wconf 92' lang='lat' dir='ltr'>ut</span> <span class='ocrx_word' id='word_1_48' title='bbox 1285 1072 1402 1137; x_wconf 86' lang='lat' dir='ltr'>tertiae</span> 
     </span>
     <span class='ocr_line' id='line_1_9' title="bbox 229 1167 1400 1249; baseline 0.004 -19"><span class='ocrx_word' id='word_1_49' title='bbox 229 1186 385 1247; x_wconf 84' lang='lat' dir='ltr'>personae</span> <span class='ocrx_word' id='word_1_50' title='bbox 402 1167 558 1232; x_wconf 86' lang='lat' dir='ltr'>voluntati</span> <span class='ocrx_word' id='word_1_51' title='bbox 581 1168 757 1232; x_wconf 76' lang='lat' dir='ltr'>arbitratus</span> <span class='ocrx_word' id='word_1_52' title='bbox 779 1168 983 1245; x_wconf 81' lang='lat' dir='ltr'>concedatur,</span> <span class='ocrx_word' id='word_1_53' title='bbox 1004 1171 1104 1249; x_wconf 88' lang='lat' dir='ltr'>atque</span> <span class='ocrx_word' id='word_1_54' title='bbox 1125 1189 1164 1232; x_wconf 91' lang='lat' dir='ltr'>ea</span> <span class='ocrx_word' id='word_1_55' title='bbox 1184 1189 1220 1234; x_wconf 89' lang='lat' dir='ltr'>re</span> <span class='ocrx_word' id='word_1_56' title='bbox 1240 1169 1400 1247; x_wconf 89' lang='lat' dir='ltr'>firmatur,</span> 
     </span>
     <span class='ocr_line' id='line_1_10' title="bbox 228 1263 1127 1350; baseline 0.004 -25"><span class='ocrx_word' id='word_1_57' title='bbox 228 1263 317 1345; x_wconf 93' lang='lat' dir='ltr'>quod</span> <span class='ocrx_word' id='word_1_58' title='bbox 338 1266 371 1326; x_wconf 94' lang='lat' dir='ltr'>et</span> <span class='ocrx_word' id='word_1_59' title='bbox 392 1264 602 1345; x_wconf 84' lang='lat' dir='ltr'>imperativus</span> <span class='ocrx_word' id='word_1_60' title='bbox 623 1268 654 1328; x_wconf 90' lang='lat' dir='ltr'>et</span> <span class='ocrx_word' id='word_1_61' title='bbox 673 1265 774 1350; x_wconf 81' lang='lat' dir='ltr'>siquis</span> <span class='ocrx_word' id='word_1_62' title='bbox 796 1268 857 1330; x_wconf 86' lang='lat' dir='ltr'>volt</span> <span class='ocrx_word' id='word_1_63' title='bbox 878 1269 1127 1329; x_wconf 88' lang='lat' dir='ltr'>antecesserunt.</span> 
     </span>
    </p>
   </div>
   <div class='ocr_carea' id='block_1_6' title="bbox 269 1369 532 1452">
    <p class='ocr_par' dir='ltr' id='par_1_6' title="bbox 269 1369 532 1452">
     <span class='ocr_line' id='line_1_11' title="bbox 269 1369 532 1452; baseline 0.004 -19"><span class='ocrx_word' id='word_1_64' title='bbox 269 1369 386 1433; x_wconf 91' lang='lat' dir='ltr'>Poen.</span> <span class='ocrx_word' id='word_1_65' title='bbox 410 1371 447 1434; x_wconf 72' lang='grc'>11</span> <span class='ocrx_word' id='word_1_66' title='bbox 463 1391 532 1452; x_wconf 88' lang='lat' dir='ltr'>sqq.</span> 
     </span>
    </p>
   </div>
   <div class='ocr_carea' id='block_1_7' title="bbox 378 1477 1180 1887">
    <p class='ocr_par' dir='ltr' id='par_1_7' title="bbox 382 1477 970 1544">
     <span class='ocr_line' id='line_1_12' title="bbox 382 1477 970 1544; baseline 0 -16"><span class='ocrx_word' id='word_1_67' title='bbox 382 1477 434 1529; x_wconf 87' lang='lat' dir='ltr'>Diu</span> <span class='ocrx_word' id='word_1_68' title='bbox 453 1478 497 1544; x_wconf 90' lang='lat' dir='ltr'>qui</span> <span class='ocrx_word' id='word_1_69' title='bbox 517 1477 587 1530; x_wconf 91' lang='lat' dir='ltr'>domi</span> <span class='ocrx_word' id='word_1_70' title='bbox 606 1477 684 1531; x_wconf 88' lang='lat' dir='ltr'>otiosi</span> <span class='ocrx_word' id='word_1_71' title='bbox 703 1477 876 1543; x_wconf 85' lang='lat' dir='ltr'>dormierunt,</span> <span class='ocrx_word' id='word_1_72' title='bbox 895 1477 970 1529; x_wconf 89' lang='lat' dir='ltr'>decet</span> 
     </span>
    </p>

    <p class='ocr_par' dir='ltr' id='par_1_8' title="bbox 378 1563 1129 1714">
     <span class='ocr_line' id='line_1_13' title="bbox 383 1563 1129 1632; baseline 0.003 -18"><span class='ocrx_word' id='word_1_73' title='bbox 383 1563 479 1615; x_wconf 86' lang='lat' dir='ltr'>Animo</span> <span class='ocrx_word' id='word_1_74' title='bbox 498 1579 582 1632; x_wconf 90' lang='lat' dir='ltr'>aequo</span> <span class='ocrx_word' id='word_1_75' title='bbox 600 1580 672 1616; x_wconf 86' lang='lat' dir='ltr'>nunc</span> <span class='ocrx_word' id='word_1_76' title='bbox 691 1567 762 1616; x_wconf 88' lang='lat' dir='ltr'>stent</span> <span class='ocrx_word' id='word_1_77' title='bbox 781 1564 821 1616; x_wconf 90' lang='lat' dir='ltr'>vel</span> <span class='ocrx_word' id='word_1_78' title='bbox 841 1563 954 1616; x_wconf 90' lang='lat' dir='ltr'>dormire</span> <span class='ocrx_word' id='word_1_79' title='bbox 974 1567 1129 1631; x_wconf 81' lang='lat' dir='ltr'>temperent.</span> 
     </span>
     <span class='ocr_line' id='line_1_14' title="bbox 378 1647 987 1714; baseline -0.002 -13"><span class='ocrx_word' id='word_1_80' title='bbox 378 1647 451 1701; x_wconf 88' lang='lat' dir='ltr'>Servi</span> <span class='ocrx_word' id='word_1_81' title='bbox 470 1665 503 1700; x_wconf 92' lang='lat' dir='ltr'>ne</span> <span class='ocrx_word' id='word_1_82' title='bbox 523 1649 671 1713; x_wconf 85' lang='lat' dir='ltr'>obsideant,</span> <span class='ocrx_word' id='word_1_83' title='bbox 689 1649 780 1702; x_wconf 89' lang='lat' dir='ltr'>liberis</span> <span class='ocrx_word' id='word_1_84' title='bbox 801 1653 831 1701; x_wconf 90' lang='lat' dir='ltr'>ut</span> <span class='ocrx_word' id='word_1_85' title='bbox 850 1651 885 1701; x_wconf 91' lang='lat' dir='ltr'>sit</span> <span class='ocrx_word' id='word_1_86' title='bbox 905 1649 987 1714; x_wconf 82' lang='lat' dir='ltr'>locus,</span> 
     </span>
    </p>

    <p class='ocr_par' dir='ltr' id='par_1_9' title="bbox 380 1733 1180 1887">
     <span class='ocr_line' id='line_1_15' title="bbox 382 1733 1180 1803; baseline 0.003 -19"><span class='ocrx_word' id='word_1_87' title='bbox 382 1733 430 1786; x_wconf 90' lang='lat' dir='ltr'>Vel</span> <span class='ocrx_word' id='word_1_88' title='bbox 450 1751 494 1786; x_wconf 89' lang='lat' dir='ltr'>aes</span> <span class='ocrx_word' id='word_1_89' title='bbox 515 1751 561 1802; x_wconf 91' lang='lat' dir='ltr'>pro</span> <span class='ocrx_word' id='word_1_90' title='bbox 582 1735 669 1803; x_wconf 85' lang='lat' dir='ltr'>capite</span> <span class='ocrx_word' id='word_1_91' title='bbox 689 1735 760 1788; x_wconf 88' lang='lat' dir='ltr'>dent.</span> <span class='ocrx_word' id='word_1_92' title='bbox 799 1737 826 1789; x_wconf 88' lang='lat' dir='ltr'>Si</span> <span class='ocrx_word' id='word_1_93' title='bbox 847 1737 872 1787; x_wconf 90' lang='lat' dir='ltr'>id</span> <span class='ocrx_word' id='word_1_94' title='bbox 892 1735 978 1787; x_wconf 88' lang='lat' dir='ltr'>fauere</span> <span class='ocrx_word' id='word_1_95' title='bbox 998 1752 1051 1787; x_wconf 93' lang='lat' dir='ltr'>non</span> <span class='ocrx_word' id='word_1_96' title='bbox 1072 1739 1180 1802; x_wconf 90' lang='lat' dir='ltr'>queunt,</span> 
     </span>
     <span class='ocr_line' id='line_1_16' title="bbox 380 1820 725 1887; baseline 0.006 -16"><span class='ocrx_word' id='word_1_97' title='bbox 380 1820 491 1872; x_wconf 92' lang='lat' dir='ltr'>Domum</span> <span class='ocrx_word' id='word_1_98' title='bbox 510 1821 607 1872; x_wconf 85' lang='lat' dir='ltr'>abeant</span> <span class='ocrx_word' id='word_1_99' title='bbox 623 1836 644 1872; x_wconf 93' lang='lat' dir='ltr'>e.</span> <span class='ocrx_word' id='word_1_100' title='bbox 655 1836 680 1887; x_wconf 90' lang='lat' dir='ltr'>q.</span> <span class='ocrx_word' id='word_1_101' title='bbox 691 1837 725 1885; x_wconf 86' lang='grc'>1.;</span> 
     </span>
    </p>
   </div>
   <div class='ocr_carea' id='block_1_8' title="bbox 227 1912 1452 3371">
    <p class='ocr_par' dir='ltr' id='par_1_10' title="bbox 232 1912 1452 2380">
     <span class='ocr_line' id='line_1_17' title="bbox 233 1912 1401 1995; baseline 0.003 -21"><span class='ocrx_word' id='word_1_102' title='bbox 233 1931 305 1974; x_wconf 92' lang='lat' dir='ltr'>cum</span> <span class='ocrx_word' id='word_1_103' title='bbox 329 1912 465 1975; x_wconf 92' lang='lat' dir='ltr'>alterum</span> <span class='ocrx_word' id='word_1_104' title='bbox 490 1914 538 1977; x_wconf 85' lang='lat' dir='ltr'>vel</span> <span class='ocrx_word' id='word_1_105' title='bbox 560 1912 693 1976; x_wconf 81' lang='lat' dir='ltr'>fortasse</span> <span class='ocrx_word' id='word_1_106' title='bbox 715 1914 761 1976; x_wconf 89' lang='lat' dir='ltr'>ita</span> <span class='ocrx_word' id='word_1_107' title='bbox 783 1913 909 1977; x_wconf 86' lang='lat' dir='ltr'>delendi</span> <span class='ocrx_word' id='word_1_108' title='bbox 932 1913 1041 1995; x_wconf 85' lang='lat' dir='ltr'>possit,</span> <span class='ocrx_word' id='word_1_109' title='bbox 1063 1918 1099 1977; x_wconf 89' lang='lat' dir='ltr'>ut</span> <span class='ocrx_word' id='word_1_110' title='bbox 1119 1917 1284 1977; x_wconf 88' lang='lat' dir='ltr'>vertamus</span> <span class='ocrx_word' id='word_1_111' title='bbox 1302 1914 1401 1994; x_wconf 87' lang='lat' dir='ltr'>„oder</span> 
     </span>
     <span class='ocr_line' id='line_1_18' title="bbox 233 2009 1400 2093; baseline 0.004 -23"><span class='ocrx_word' id='word_1_112' title='bbox 233 2027 327 2073; x_wconf 89' lang='lat' dir='ltr'>wenn</span> <span class='ocrx_word' id='word_1_113' title='bbox 350 2010 395 2072; x_wconf 90' lang='lat' dir='ltr'>sie</span> <span class='ocrx_word' id='word_1_114' title='bbox 413 2009 509 2072; x_wconf 85' lang='lat' dir='ltr'>silzen</span> <span class='ocrx_word' id='word_1_115' title='bbox 530 2009 675 2086; x_wconf 84' lang='lat' dir='ltr'>wollen“,</span> <span class='ocrx_word' id='word_1_116' title='bbox 699 2010 784 2073; x_wconf 91' lang='lat' dir='ltr'>idem</span> <span class='ocrx_word' id='word_1_117' title='bbox 808 2015 916 2074; x_wconf 89' lang='lat' dir='ltr'>tamen</span> <span class='ocrx_word' id='word_1_118' title='bbox 939 2011 1044 2093; x_wconf 89' lang='lat' dir='ltr'>priore</span> <span class='ocrx_word' id='word_1_119' title='bbox 1067 2012 1138 2074; x_wconf 91' lang='lat' dir='ltr'>loco</span> <span class='ocrx_word' id='word_1_120' title='bbox 1161 2010 1301 2092; x_wconf 90' lang='lat' dir='ltr'>positum</span> <span class='ocrx_word' id='word_1_121' title='bbox 1320 2010 1400 2075; x_wconf 87' lang='lat' dir='ltr'>nihil</span> 
     </span>
     <span class='ocr_line' id='line_1_19' title="bbox 232 2109 1452 2191; baseline 0.003 -20"><span class='ocrx_word' id='word_1_122' title='bbox 232 2109 381 2190; x_wconf 86' lang='lat' dir='ltr'>propriae</span> <span class='ocrx_word' id='word_1_123' title='bbox 413 2109 551 2172; x_wconf 90' lang='lat' dir='ltr'>notionis</span> <span class='ocrx_word' id='word_1_124' title='bbox 579 2110 717 2173; x_wconf 87' lang='lat' dir='ltr'>servavit</span> <span class='ocrx_word' id='word_1_125' title='bbox 749 2112 848 2191; x_wconf 87' lang='lat' dir='ltr'>atque</span> <span class='ocrx_word' id='word_1_126' title='bbox 876 2111 940 2174; x_wconf 92' lang='lat' dir='ltr'>iam</span> <span class='ocrx_word' id='word_1_127' title='bbox 966 2109 997 2173; x_wconf 94' lang='lat' dir='ltr'>in</span> <span class='ocrx_word' id='word_1_128' title='bbox 1020 2110 1159 2173; x_wconf 92' lang='lat' dir='ltr'>eundem</span> <span class='ocrx_word' id='word_1_129' title='bbox 1180 2129 1308 2174; x_wconf 90' lang='lat' dir='ltr'>sensum</span> <span class='ocrx_word' id='word_1_130' title='bbox 1331 2115 1399 2175; x_wconf 87' lang='lat' dir='ltr'>tra·</span> <span class='ocrx_word' id='word_1_131' title='bbox 1449 2133 1452 2139; x_wconf 92' lang='lat'><em>·</em></span> 
     </span>
     <span class='ocr_line' id='line_1_20' title="bbox 233 2206 1277 2290; baseline 0.002 -21"><span class='ocrx_word' id='word_1_132' title='bbox 233 2206 365 2269; x_wconf 88' lang='lat' dir='ltr'>ductum</span> <span class='ocrx_word' id='word_1_133' title='bbox 389 2210 446 2288; x_wconf 85' lang='lat' dir='ltr'>est,</span> <span class='ocrx_word' id='word_1_134' title='bbox 467 2227 563 2288; x_wconf 91' lang='lat' dir='ltr'>quem</span> <span class='ocrx_word' id='word_1_135' title='bbox 587 2207 715 2270; x_wconf 84' lang='lat' dir='ltr'>exhibet</span> <span class='ocrx_word' id='word_1_136' title='bbox 737 2214 792 2270; x_wconf 82' lang='lat' dir='ltr'>aut</span> <span class='ocrx_word' id='word_1_137' title='bbox 813 2208 844 2270; x_wconf 96' lang='lat' dir='ltr'>in</span> <span class='ocrx_word' id='word_1_138' title='bbox 866 2227 960 2272; x_wconf 91' lang='lat' dir='ltr'>versu</span> <span class='ocrx_word' id='word_1_139' title='bbox 981 2208 1036 2290; x_wconf 91' lang='lat' dir='ltr'>qui</span> <span class='ocrx_word' id='word_1_140' title='bbox 1053 2206 1214 2272; x_wconf 88' lang='lat' dir='ltr'>antecedit</span> <span class='ocrx_word' id='word_1_141' title='bbox 1239 2208 1277 2271; x_wconf 89' lang='grc'>18</span> 
     </span>
     <span class='ocr_line' id='line_1_21' title="bbox 484 2313 1084 2380; baseline 0.002 -16"><span class='ocrx_word' id='word_1_142' title='bbox 484 2330 537 2365; x_wconf 91' lang='lat' dir='ltr'>neu</span> <span class='ocrx_word' id='word_1_143' title='bbox 555 2313 633 2366; x_wconf 84' lang='lat' dir='ltr'>lictor</span> <span class='ocrx_word' id='word_1_144' title='bbox 651 2315 758 2366; x_wconf 92' lang='lat' dir='ltr'>verbum</span> <span class='ocrx_word' id='word_1_145' title='bbox 778 2319 824 2366; x_wconf 87' lang='lat' dir='ltr'>aut</span> <span class='ocrx_word' id='word_1_146' title='bbox 843 2315 932 2380; x_wconf 83' lang='lat' dir='ltr'>virgae</span> <span class='ocrx_word' id='word_1_147' title='bbox 952 2315 1084 2367; x_wconf 83' lang='lat' dir='ltr'>multiant.</span> 
     </span>
    </p>

    <p class='ocr_par' dir='ltr' id='par_1_11' title="bbox 229 2404 1399 2780">
     <span class='ocr_line' id='line_1_22' title="bbox 229 2404 1398 2487; baseline -0.001 -18"><span class='ocrx_word' id='word_1_148' title='bbox 229 2405 299 2469; x_wconf 89' lang='lat' dir='ltr'>Tali</span> <span class='ocrx_word' id='word_1_149' title='bbox 332 2406 429 2469; x_wconf 90' lang='lat' dir='ltr'>modo</span> <span class='ocrx_word' id='word_1_150' title='bbox 461 2405 612 2469; x_wconf 87' lang='lat' dir='ltr'>Plautum</span> <span class='ocrx_word' id='word_1_151' title='bbox 652 2406 810 2487; x_wconf 89' lang='lat' dir='ltr'>particula</span> <span class='ocrx_word' id='word_1_152' title='bbox 841 2406 887 2469; x_wconf 90' lang='lat' dir='ltr'>uti</span> <span class='ocrx_word' id='word_1_153' title='bbox 924 2406 1065 2487; x_wconf 91' lang='lat' dir='ltr'>potuisse</span> <span class='ocrx_word' id='word_1_154' title='bbox 1096 2405 1259 2487; x_wconf 88' lang='lat' dir='ltr'>conceptis</span> <span class='ocrx_word' id='word_1_155' title='bbox 1292 2404 1398 2468; x_wconf 87' lang='lat' dir='ltr'>verbis</span> 
     </span>
     <span class='ocr_line' id='line_1_23' title="bbox 229 2501 1396 2586; baseline 0 -20"><span class='ocrx_word' id='word_1_156' title='bbox 229 2523 321 2583; x_wconf 82' lang='lat' dir='ltr'>nege,</span> <span class='ocrx_word' id='word_1_157' title='bbox 342 2523 417 2566; x_wconf 87' lang='lat' dir='ltr'>nam</span> <span class='ocrx_word' id='word_1_158' title='bbox 441 2502 466 2566; x_wconf 92' lang='lat' dir='ltr'>si</span> <span class='ocrx_word' id='word_1_159' title='bbox 488 2520 599 2566; x_wconf 89' lang='lat' dir='ltr'>versus</span> <span class='ocrx_word' id='word_1_160' title='bbox 621 2503 652 2566; x_wconf 94' lang='lat' dir='ltr'>in</span> <span class='ocrx_word' id='word_1_161' title='bbox 669 2504 776 2585; x_wconf 87' lang='lat' dir='ltr'>capV</span> <span class='ocrx_word' id='word_1_162' title='bbox 798 2504 848 2586; x_wconf 72' lang='lat'>§6</span> <span class='ocrx_word' id='word_1_163' title='bbox 865 2504 1057 2584; x_wconf 89' lang='lat' dir='ltr'>compositos</span> <span class='ocrx_word' id='word_1_164' title='bbox 1072 2504 1103 2566; x_wconf 94' lang='lat' dir='ltr'>in</span> <span class='ocrx_word' id='word_1_165' title='bbox 1121 2501 1396 2584; x_wconf 87' lang='lat' dir='ltr'>comparationem</span> 
     </span>
     <span class='ocr_line' id='line_1_24' title="bbox 229 2598 1399 2677; baseline 0.002 -15"><span class='ocrx_word' id='word_1_166' title='bbox 229 2619 399 2677; x_wconf 88' lang='lat' dir='ltr'>vocamus,</span> <span class='ocrx_word' id='word_1_167' title='bbox 428 2600 579 2665; x_wconf 90' lang='lat' dir='ltr'>Plautum</span> <span class='ocrx_word' id='word_1_168' title='bbox 611 2602 773 2666; x_wconf 88' lang='lat' dir='ltr'>notionem</span> <span class='ocrx_word' id='word_1_169' title='bbox 805 2603 872 2665; x_wconf 90' lang='lat' dir='ltr'>eius</span> <span class='ocrx_word' id='word_1_170' title='bbox 901 2602 1125 2666; x_wconf 87' lang='lat' dir='ltr'>disiunctivam</span> <span class='ocrx_word' id='word_1_171' title='bbox 1155 2619 1175 2664; x_wconf 87' lang='lat' dir='ltr'>a</span> <span class='ocrx_word' id='word_1_172' title='bbox 1203 2600 1292 2664; x_wconf 92' lang='lat' dir='ltr'>verbi</span> <span class='ocrx_word' id='word_1_173' title='bbox 1321 2598 1399 2664; x_wconf 82' lang='lat' dir='ltr'>velte</span> 
     </span>
     <span class='ocr_line' id='line_1_25' title="bbox 229 2699 1123 2780; baseline 0.007 -22"><span class='ocrx_word' id='word_1_174' title='bbox 229 2699 345 2760; x_wconf 88' lang='lat' dir='ltr'>natura</span> <span class='ocrx_word' id='word_1_175' title='bbox 368 2716 546 2780; x_wconf 90' lang='lat' dir='ltr'>numquam</span> <span class='ocrx_word' id='word_1_176' title='bbox 565 2699 738 2763; x_wconf 86' lang='lat' dir='ltr'>removisse</span> <span class='ocrx_word' id='word_1_177' title='bbox 758 2700 870 2763; x_wconf 89' lang='lat' dir='ltr'>elucet.</span> <span class='ocrx_word' id='word_1_178' title='bbox 1121 2708 1123 2712; x_wconf 84' lang='lat'>&#39;</span> 
     </span>
    </p>

    <p class='ocr_par' dir='ltr' id='par_1_12' title="bbox 227 2793 1397 3371">
     <span class='ocr_line' id='line_1_26' title="bbox 314 2793 1397 2878; baseline 0.001 -21"><span class='ocrx_word' id='word_1_179' title='bbox 314 2793 457 2875; x_wconf 86' lang='lat' dir='ltr'>Denique</span> <span class='ocrx_word' id='word_1_180' title='bbox 486 2796 526 2859; x_wconf 94' lang='lat' dir='ltr'>de</span> <span class='ocrx_word' id='word_1_181' title='bbox 555 2802 610 2860; x_wconf 84' lang='lat' dir='ltr'>aut</span> <span class='ocrx_word' id='word_1_182' title='bbox 638 2796 796 2878; x_wconf 88' lang='lat' dir='ltr'>particula</span> <span class='ocrx_word' id='word_1_183' title='bbox 828 2796 906 2858; x_wconf 89' lang='lat' dir='ltr'>satis</span> <span class='ocrx_word' id='word_1_184' title='bbox 933 2793 1039 2857; x_wconf 89' lang='lat' dir='ltr'>habeo</span> <span class='ocrx_word' id='word_1_185' title='bbox 1061 2813 1211 2858; x_wconf 91' lang='lat' dir='ltr'>versuum</span> <span class='ocrx_word' id='word_1_186' title='bbox 1245 2813 1397 2858; x_wconf 91' lang='lat' dir='ltr'>numeros</span> 
     </span>
     <span class='ocr_line' id='line_1_27' title="bbox 227 2892 1396 2975; baseline 0.001 -20"><span class='ocrx_word' id='word_1_187' title='bbox 227 2912 366 2972; x_wconf 73' lang='lat' dir='ltr'>ponere,</span> <span class='ocrx_word' id='word_1_188' title='bbox 401 2895 490 2958; x_wconf 89' lang='lat' dir='ltr'>cuius</span> <span class='ocrx_word' id='word_1_189' title='bbox 524 2915 617 2959; x_wconf 91' lang='lat' dir='ltr'>usum</span> <span class='ocrx_word' id='word_1_190' title='bbox 647 2896 784 2960; x_wconf 89' lang='lat' dir='ltr'>eundem</span> <span class='ocrx_word' id='word_1_191' title='bbox 816 2914 901 2970; x_wconf 89' lang='lat' dir='ltr'>esse,</span> <span class='ocrx_word' id='word_1_192' title='bbox 939 2912 1035 2975; x_wconf 92' lang='lat' dir='ltr'>quem</span> <span class='ocrx_word' id='word_1_193' title='bbox 1067 2892 1239 2969; x_wconf 90' lang='lat' dir='ltr'>illustravi,</span> <span class='ocrx_word' id='word_1_194' title='bbox 1279 2893 1347 2975; x_wconf 88' lang='lat' dir='ltr'>ipse</span> <span class='ocrx_word' id='word_1_195' title='bbox 1369 2893 1396 2957; x_wconf 90' lang='lat' dir='ltr'>si</span> 
     </span>
     <span class='ocr_line' id='line_1_28' title="bbox 229 2992 1395 3074; baseline 0.003 -21"><span class='ocrx_word' id='word_1_196' title='bbox 229 2992 335 3071; x_wconf 86' lang='lat' dir='ltr'>placet</span> <span class='ocrx_word' id='word_1_197' title='bbox 353 2993 471 3058; x_wconf 78' lang='lat' dir='ltr'>videas.</span> <span class='ocrx_word' id='word_1_198' title='bbox 513 2996 624 3059; x_wconf 80' lang='lat' dir='ltr'>Exstat</span> <span class='ocrx_word' id='word_1_199' title='bbox 653 2995 703 3059; x_wconf 91' lang='lat' dir='ltr'>his</span> <span class='ocrx_word' id='word_1_200' title='bbox 733 2995 824 3058; x_wconf 89' lang='lat' dir='ltr'>locis:</span> <span class='ocrx_word' id='word_1_201' title='bbox 858 2993 961 3057; x_wconf 89' lang='lat' dir='ltr'>Plaut.</span> <span class='ocrx_word' id='word_1_202' title='bbox 991 2992 1110 3074; x_wconf 90' lang='lat' dir='ltr'>Amph.</span> <span class='ocrx_word' id='word_1_203' title='bbox 1136 2993 1211 3064; x_wconf 73' lang='lat'>1303</span> <span class='ocrx_word' id='word_1_204' title='bbox 1240 2993 1313 3056; x_wconf 89' lang='lat' dir='ltr'>Aul.</span> <span class='ocrx_word' id='word_1_205' title='bbox 1336 2995 1395 3069; x_wconf 74' lang='lat'>⁰233</span> 
     </span>
     <span class='ocr_line' id='line_1_29' title="bbox 228 3089 1395 3175; baseline 0.002 -23"><span class='ocrx_word' id='word_1_206' title='bbox 228 3090 300 3152; x_wconf 82' lang='lat' dir='ltr'>Cas.</span> <span class='ocrx_word' id='word_1_207' title='bbox 331 3093 387 3167; x_wconf 82' lang='lat'>69;</span> <span class='ocrx_word' id='word_1_208' title='bbox 420 3093 518 3157; x_wconf 88' lang='lat' dir='ltr'>Poen.</span> <span class='ocrx_word' id='word_1_209' title='bbox 553 3095 599 3158; x_wconf 77' lang='lat'>18.</span> <span class='ocrx_word' id='word_1_210' title='bbox 622 3095 663 3158; x_wconf 88' lang='lat'>80</span> <span class='ocrx_word' id='word_1_211' title='bbox 692 3092 744 3175; x_wconf 86' lang='lat' dir='ltr'>(ci.</span> <span class='ocrx_word' id='word_1_212' title='bbox 779 3113 875 3175; x_wconf 91' lang='lat' dir='ltr'>supra</span> <span class='ocrx_word' id='word_1_213' title='bbox 909 3112 939 3173; x_wconf 94' lang='lat' dir='ltr'>p.</span> <span class='ocrx_word' id='word_1_214' title='bbox 973 3089 1033 3170; x_wconf 83' lang='lat'>19).</span> <span class='ocrx_word' id='word_1_215' title='bbox 1080 3089 1320 3154; x_wconf 70' lang='grc'><strong>(1111011117.</strong></span> <span class='ocrx_word' id='word_1_216' title='bbox 1344 3091 1395 3156; x_wconf 88' lang='grc'>63.</span> 
     </span>
     <span class='ocr_line' id='line_1_30' title="bbox 229 3189 1394 3275; baseline 0.002 -23"><span class='ocrx_word' id='word_1_217' title='bbox 229 3190 299 3253; x_wconf 70' lang='grc'><strong>107.</strong></span> <span class='ocrx_word' id='word_1_218' title='bbox 321 3191 398 3264; x_wconf 73' lang='grc' dir='ltr'>16ος</span> <span class='ocrx_word' id='word_1_219' title='bbox 428 3192 512 3255; x_wconf 88' lang='lat' dir='ltr'>Sext.</span> <span class='ocrx_word' id='word_1_220' title='bbox 542 3193 641 3275; x_wconf 90' lang='lat' dir='ltr'>Turp.</span> <span class='ocrx_word' id='word_1_221' title='bbox 671 3214 699 3257; x_wconf 95' lang='lat' dir='ltr'>v.</span> <span class='ocrx_word' id='word_1_222' title='bbox 722 3194 772 3257; x_wconf 81' lang='lat' dir='ltr'>m.</span> <span class='ocrx_word' id='word_1_223' title='bbox 798 3194 872 3268; x_wconf 89' lang='grc'><strong>165;</strong></span> <span class='ocrx_word' id='word_1_224' title='bbox 908 3189 1292 3255; x_wconf 72' lang='grc'><strong>110116111101.</strong></span> <span class='ocrx_word' id='word_1_225' title='bbox 1318 3190 1394 3267; x_wconf 90' lang='grc'><strong>166;</strong></span> 
     </span>
     <span class='ocr_line' id='line_1_31' title="bbox 228 3288 1062 3371; baseline -0.001 -20"><span class='ocrx_word' id='word_1_226' title='bbox 228 3288 340 3352; x_wconf 87' lang='lat' dir='ltr'>Airan.</span> <span class='ocrx_word' id='word_1_227' title='bbox 365 3291 433 3354; x_wconf 84' lang='lat'>151.</span> <span class='ocrx_word' id='word_1_228' title='bbox 457 3291 522 3355; x_wconf 83' lang='lat'>188.</span> <span class='ocrx_word' id='word_1_229' title='bbox 561 3293 596 3354; x_wconf 93' lang='lat' dir='ltr'>ln</span> <span class='ocrx_word' id='word_1_230' title='bbox 618 3291 735 3356; x_wconf 88' lang='lat' dir='ltr'>Caecili</span> <span class='ocrx_word' id='word_1_231' title='bbox 759 3292 840 3355; x_wconf 88' lang='lat' dir='ltr'>Stati</span> <span class='ocrx_word' id='word_1_232' title='bbox 863 3312 892 3355; x_wconf 90' lang='lat' dir='ltr'>v.</span> <span class='ocrx_word' id='word_1_233' title='bbox 918 3292 976 3354; x_wconf 84' lang='grc'>199</span> <span class='ocrx_word' id='word_1_234' title='bbox 991 3309 1062 3371; x_wconf 89' lang='lat' dir='ltr'>sqq.</span> 
     </span>
    </p>
   </div>
   <div class='ocr_carea' id='block_1_9' title="bbox 377 3397 1100 3979">
    <p class='ocr_par' dir='ltr' id='par_1_13' title="bbox 377 3397 1100 3979">
     <span class='ocr_line' id='line_1_32' title="bbox 379 3397 1077 3464; baseline -0.003 -16"><span class='ocrx_word' id='word_1_235' title='bbox 379 3397 409 3449; x_wconf 92' lang='lat' dir='ltr'>ln</span> <span class='ocrx_word' id='word_1_236' title='bbox 428 3414 515 3450; x_wconf 85' lang='lat' dir='ltr'>amore</span> <span class='ocrx_word' id='word_1_237' title='bbox 535 3413 615 3450; x_wconf 86' lang='lat' dir='ltr'>suave</span> <span class='ocrx_word' id='word_1_238' title='bbox 634 3403 674 3450; x_wconf 88' lang='lat' dir='ltr'>est</span> <span class='ocrx_word' id='word_1_239' title='bbox 693 3414 794 3450; x_wconf 88' lang='lat' dir='ltr'>summo</span> <span class='ocrx_word' id='word_1_240' title='bbox 814 3413 967 3464; x_wconf 88' lang='lat' dir='ltr'>summaque</span> <span class='ocrx_word' id='word_1_241' title='bbox 986 3397 1077 3463; x_wconf 87' lang='lat' dir='ltr'>inopia</span> 
     </span>
     <span class='ocr_line' id='line_1_33' title="bbox 379 3483 1100 3551; baseline -0.003 -17"><span class='ocrx_word' id='word_1_242' title='bbox 379 3483 518 3535; x_wconf 86' lang='lat' dir='ltr'>Parentem</span> <span class='ocrx_word' id='word_1_243' title='bbox 540 3483 636 3535; x_wconf 88' lang='lat' dir='ltr'>habere</span> <span class='ocrx_word' id='word_1_244' title='bbox 656 3501 762 3535; x_wconf 88' lang='lat' dir='ltr'>avarum</span> <span class='ocrx_word' id='word_1_245' title='bbox 783 3483 937 3551; x_wconf 80' lang='lat' dir='ltr'>inlepidum,</span> <span class='ocrx_word' id='word_1_246' title='bbox 956 3484 984 3534; x_wconf 91' lang='lat' dir='ltr'>in</span> <span class='ocrx_word' id='word_1_247' title='bbox 1003 3483 1100 3533; x_wconf 89' lang='lat' dir='ltr'>liberos</span> 
     </span>
     <span class='ocr_line' id='line_1_34' title="bbox 378 3567 1049 3637; baseline -0.001 -17"><span class='ocrx_word' id='word_1_248' title='bbox 378 3569 526 3634; x_wconf 82' lang='lat' dir='ltr'>Difficilem,</span> <span class='ocrx_word' id='word_1_249' title='bbox 545 3571 589 3637; x_wconf 93' lang='lat' dir='ltr'>qui</span> <span class='ocrx_word' id='word_1_250' title='bbox 609 3575 635 3622; x_wconf 90' lang='lat' dir='ltr'>te</span> <span class='ocrx_word' id='word_1_251' title='bbox 652 3586 701 3621; x_wconf 91' lang='lat' dir='ltr'>nec</span> <span class='ocrx_word' id='word_1_252' title='bbox 721 3573 790 3622; x_wconf 87' lang='lat' dir='ltr'>amet</span> <span class='ocrx_word' id='word_1_253' title='bbox 809 3585 857 3621; x_wconf 89' lang='lat' dir='ltr'>uec</span> <span class='ocrx_word' id='word_1_254' title='bbox 878 3569 984 3621; x_wconf 89' lang='lat' dir='ltr'>studeat</span> <span class='ocrx_word' id='word_1_255' title='bbox 1001 3567 1049 3620; x_wconf 91' lang='lat' dir='ltr'>tui.</span> 
     </span>
     <span class='ocr_line' id='line_1_35' title="bbox 378 3654 1011 3723; baseline 0.003 -19"><span class='ocrx_word' id='word_1_256' title='bbox 378 3655 432 3705; x_wconf 84' lang='lat' dir='ltr'>Aut</span> <span class='ocrx_word' id='word_1_257' title='bbox 452 3658 481 3706; x_wconf 89' lang='lat' dir='ltr'>tu</span> <span class='ocrx_word' id='word_1_258' title='bbox 500 3656 573 3707; x_wconf 92' lang='lat' dir='ltr'>illum</span> <span class='ocrx_word' id='word_1_259' title='bbox 593 3657 663 3708; x_wconf 85' lang='lat' dir='ltr'>furto</span> <span class='ocrx_word' id='word_1_260' title='bbox 683 3655 760 3707; x_wconf 82' lang='lat' dir='ltr'>sallas</span> <span class='ocrx_word' id='word_1_261' title='bbox 779 3660 825 3707; x_wconf 88' lang='grc'><strong>1111</strong></span> <span class='ocrx_word' id='word_1_262' title='bbox 845 3671 891 3723; x_wconf 88' lang='lat' dir='ltr'>per</span> <span class='ocrx_word' id='word_1_263' title='bbox 909 3654 1011 3706; x_wconf 85' lang='lat' dir='ltr'>litteras</span> 
     </span>
     <span class='ocr_line' id='line_1_36' title="bbox 378 3739 1012 3807; baseline 0.002 -18"><span class='ocrx_word' id='word_1_264' title='bbox 378 3739 489 3792; x_wconf 84' lang='lat' dir='ltr'>Avertas</span> <span class='ocrx_word' id='word_1_265' title='bbox 510 3740 616 3807; x_wconf 88' lang='lat' dir='ltr'>aliquod</span> <span class='ocrx_word' id='word_1_266' title='bbox 636 3756 733 3793; x_wconf 90' lang='lat' dir='ltr'>nomen</span> <span class='ocrx_word' id='word_1_267' title='bbox 752 3745 798 3792; x_wconf 88' lang='lat' dir='ltr'>aut</span> <span class='ocrx_word' id='word_1_268' title='bbox 817 3756 864 3807; x_wconf 91' lang='lat' dir='ltr'>per</span> <span class='ocrx_word' id='word_1_269' title='bbox 885 3739 1012 3792; x_wconf 88' lang='lat' dir='ltr'>servolum</span> 
     </span>
     <span class='ocr_line' id='line_1_37' title="bbox 377 3824 1043 3894; baseline 0 -18"><span class='ocrx_word' id='word_1_270' title='bbox 377 3824 513 3878; x_wconf 86' lang='lat' dir='ltr'>Percuties</span> <span class='ocrx_word' id='word_1_271' title='bbox 533 3827 664 3894; x_wconf 82' lang='lat' dir='ltr'>paridem,</span> <span class='ocrx_word' id='word_1_272' title='bbox 684 3830 816 3894; x_wconf 88' lang='lat' dir='ltr'>postremo</span> <span class='ocrx_word' id='word_1_273' title='bbox 836 3842 851 3877; x_wconf 88' lang='lat' dir='ltr'>a</span> <span class='ocrx_word' id='word_1_274' title='bbox 869 3840 948 3892; x_wconf 87' lang='lat' dir='ltr'>parco</span> <span class='ocrx_word' id='word_1_275' title='bbox 968 3828 1043 3892; x_wconf 82' lang='lat' dir='ltr'>patre</span> 
     </span>
     <span class='ocr_line' id='line_1_38' title="bbox 378 3909 977 3979; baseline 0 -17"><span class='ocrx_word' id='word_1_276' title='bbox 378 3909 452 3972; x_wconf 85' lang='lat' dir='ltr'>Quod</span> <span class='ocrx_word' id='word_1_277' title='bbox 475 3929 563 3964; x_wconf 87' lang='lat' dir='ltr'>sumes</span> <span class='ocrx_word' id='word_1_278' title='bbox 582 3917 681 3979; x_wconf 85' lang='lat' dir='ltr'>quanto</span> <span class='ocrx_word' id='word_1_279' title='bbox 701 3912 814 3979; x_wconf 86' lang='lat' dir='ltr'>dissipes</span> <span class='ocrx_word' id='word_1_280' title='bbox 835 3911 977 3963; x_wconf 85' lang='lat' dir='ltr'>libentius!</span> 
     </span>
    </p>
   </div>
   <div class='ocr_carea' id='block_1_10' title="bbox 226 4002 1394 4185">
    <p class='ocr_par' dir='ltr' id='par_1_14' title="bbox 226 4002 1394 4185">
     <span class='ocr_line' id='line_1_39' title="bbox 228 4002 1394 4086; baseline 0 -20"><span class='ocrx_word' id='word_1_281' title='bbox 228 4023 279 4066; x_wconf 88' lang='lat' dir='ltr'>me</span> <span class='ocrx_word' id='word_1_282' title='bbox 301 4002 348 4067; x_wconf 83' lang='lat' dir='ltr'>cel</span> <span class='ocrx_word' id='word_1_283' title='bbox 369 4008 629 4086; x_wconf 88' lang='lat' dir='ltr'>exspectaturum</span> <span class='ocrx_word' id='word_1_284' title='bbox 652 4005 747 4067; x_wconf 86' lang='lat' dir='ltr'>fuisse</span> <span class='ocrx_word' id='word_1_285' title='bbox 771 4003 921 4067; x_wconf 84' lang='lat' dir='ltr'>concedo</span> <span class='ocrx_word' id='word_1_286' title='bbox 949 4003 1011 4067; x_wconf 86' lang='lat' dir='ltr'>Sed</span> <span class='ocrx_word' id='word_1_287' title='bbox 1037 4004 1123 4085; x_wconf 92' lang='lat' dir='ltr'>quod</span> <span class='ocrx_word' id='word_1_288' title='bbox 1139 4008 1196 4066; x_wconf 82' lang='lat' dir='ltr'>aot</span> <span class='ocrx_word' id='word_1_289' title='bbox 1209 4005 1394 4083; x_wconf 91' lang='lat' dir='ltr'>usurpatur,</span> 
     </span>
     <span class='ocr_line' id='line_1_40' title="bbox 226 4102 1394 4185; baseline -0.003 -16"><span class='ocrx_word' id='word_1_290' title='bbox 226 4125 264 4169; x_wconf 92' lang='lat' dir='ltr'>ea</span> <span class='ocrx_word' id='word_1_291' title='bbox 295 4105 428 4168; x_wconf 82' lang='lat' dir='ltr'>tortasse</span> <span class='ocrx_word' id='word_1_292' title='bbox 457 4104 644 4168; x_wconf 89' lang='lat' dir='ltr'>condicione</span> <span class='ocrx_word' id='word_1_293' title='bbox 673 4104 866 4185; x_wconf 88' lang='lat' dir='ltr'>explicatur,</span> <span class='ocrx_word' id='word_1_294' title='bbox 905 4108 941 4166; x_wconf 89' lang='lat' dir='ltr'>ut</span> <span class='ocrx_word' id='word_1_295' title='bbox 969 4107 1132 4167; x_wconf 86' lang='lat' dir='ltr'>vertamus</span> <span class='ocrx_word' id='word_1_296' title='bbox 1171 4102 1394 4167; x_wconf 83' lang='lat' dir='ltr'>bald-bald.</span> 
     </span>
    </p>
   </div>
   <div class='ocr_carea' id='block_1_11' title="bbox 0 0 1520 4838">
    <p class='ocr_par' dir='ltr' id='par_1_15' title="bbox 0 0 1520 4838">
     <span class='ocr_line' id='line_1_41' title="bbox 0 0 1520 4838; baseline 0 3"><span class='ocrx_word' id='word_1_297' title='bbox 0 0 1520 4838; x_wconf 95' lang='lat' dir='ltr'> </span> 
     </span>
    </p>
   </div>
  </div>
 </body>
</html>
