3030 4838
659 336 695 345 ..
739 302 780 363 ‚4
822 337 858 346 ..

206 476 327 541 Poen.
352 478 433 542 1414
454 477 504 559 (cf.
527 478 619 542 Cure.
643 478 716 557 611)

268 577 375 644 †Leno,
393 582 423 630 tu
442 583 530 630 autem
549 578 658 630 amicam
678 579 724 629 des
744 579 823 630 tacito
843 582 889 629 aut
907 579 965 629 auri
985 579 1046 629 mihi
1068 578 1162 629 reddas
1183 579 1292 630 minam.

207 671 350 735 Pseud.
376 672 456 736 1183

270 767 340 830 Quin
359 773 388 821 tu
407 770 541 822 mulierem
562 770 625 822 mihi
645 770 764 821 emittis?
801 770 856 822 Aut
875 769 954 820 reddo
974 774 1124 834 argentum3

166 861 222 926 ubi
243 862 339 924 redde
359 863 461 927 codex
481 864 621 945 optimus
641 863 680 938 A,
703 863 811 926 reddis
833 861 1008 942 Palatini.¹)

206 968 308 1033 Rud.
333 969 412 1033 1162

270 1069 384 1136 Pergite,
403 1070 520 1133 obsecro,
539 1070 673 1121 continuo.
695 1097 727 1104 —
746 1068 866 1137 Placidel
896 1069 950 1119 Aut
968 1069 1004 1120 ite
1023 1069 1051 1119 in
1072 1067 1165 1119 malam
1186 1084 1301 1120 erucem.

249 1163 301 1226 Ad
313 1182 377 1238 eos,
393 1163 450 1244 qui
462 1165 711 1241 antecesserunt,
728 1163 813 1226 locos
825 1163 856 1225 in
869 1162 1054 1225 universum
1067 1162 1098 1223 id
1109 1160 1339 1225 adnotandum

168 1263 216 1324 est
237 1280 376 1324 omnes
399 1261 687 1341 imperatir0S,
710 1261 954 1341 quibuscum
979 1266 1035 1321 aut
1058 1258 1339 1338 coniungitur,

169 1378 312 1440 aspero
335 1361 459 1439 atque
487 1358 587 1422 duro
616 1377 715 1422 sono
746 1357 878 1421 dictos
908 1376 1010 1432 essc3
1044 1357 1153 1438 itaque
1175 1354 1254 1419 talia
1278 1355 1341 1418 irn-

168 1460 281 1538 perata
304 1457 403 1520 iratos
425 1456 571 1520 homines
592 1458 715 1519 decent.
767 1455 818 1519 Vel
839 1458 948 1517 autem
969 1454 1023 1534 qui
1046 1454 1088 1516 ad
1107 1454 1337 1535 imperativum

169 1555 269 1632 addit,
293 1573 418 1618 comem
438 1557 537 1635 atque
559 1553 662 1618 lenem
685 1573 718 1616 se
740 1552 884 1633 praebet,
906 1552 982 1633 quia
999 1552 1066 1615 eius
1080 1571 1177 1634 quem
1191 1551 1340 1634 appellat

168 1653 359 1717 arbitratum
384 1651 520 1732 respicit.

253 1804 329 1886 54.
373 1806 524 1887 Sequitur
546 1806 608 1869 iam
631 1804 809 1887 particulae
831 1825 907 1869 usus
929 1805 1030 1868 laxior
1045 1809 1086 1882 et,
1108 1809 1144 1868 ut
1159 1804 1203 1868 ita
1216 1804 1339 1882 dicam,

169 1906 278 1971 lenior.
324 1906 390 1968 Aut
418 1906 503 1968 enim
532 1906 565 1967 in
589 1925 660 1968 eam
684 1904 948 1984 significationem
971 1904 1167 1982 traducitur,
1198 1909 1340 1969 utnon

169 2010 249 2069 tam
278 2003 490 2068 contraria
518 2002 731 2082 disiungat
756 2022 872 2083 quam
896 2003 1058 2066 diversa
1079 2007 1229 2067 nectat.
1272 2001 1341 2066 Ne·

170 2124 233 2186 que
257 2103 345 2166 utin
368 2100 413 2164 eis
436 2100 594 2176 versibuS,
618 2101 672 2180 qui
695 2101 758 2163 iam
783 2100 871 2163 citati
894 2103 984 2176 sunt,
1007 2100 1047 2163 de
1067 2101 1219 2181 gravibus
1238 2102 1342 2165 rebus

170 2201 286 2282 agitur,
308 2219 445 2281 quarum
469 2219 553 2280 quae
575 2199 711 2278 eligatur
732 2198 849 2260 summi
872 2199 1025 2262 momenti
1048 2203 1104 2276 est,
1130 2200 1187 2263 sed
1208 2200 1258 2264 ille
1281 2201 1340 2282 qui

170 2298 311 2380 loquitur
337 2298 417 2360 duas
440 2296 659 2378 compluresve
682 2314 836 2377 personas
859 2295 905 2357 vel
930 2315 980 2358 res
1002 2299 1174 2378 componit,
1196 2319 1340 2380 quarum

170 2416 255 2480 quae
278 2396 413 2476 eligatur
435 2394 513 2458 nihil
534 2395 673 2458 interest.
718 2395 845 2470 Versus
868 2394 923 2473 qui
944 2393 1007 2457 huc
1024 2396 1196 2476 pertinent,
1219 2397 1341 2463 affero:

211 2494 321 2557 Asin.
344 2492 404 2556 267
422 2512 470 2573 sq.

275 2591 326 2644 Ubi
345 2608 393 2659 ego
412 2607 483 2644 nunc
500 2589 629 2642 Libanum
648 2591 778 2657 requiram
799 2594 844 2642 aut
862 2590 1016 2642 familiarem
1036 2591 1128 2658 filium,

274 2675 310 2729 Ut
328 2692 376 2744 ego
395 2676 454 2728 illos
473 2674 636 2727 lubentiores
654 2674 749 2726 taciem
770 2690 846 2742 quam
866 2672 1043 2728 Lubentiast?

212 2770 322 2834 Asin.
345 2770 406 2833 760
421 2789 491 2850 sqq.

390 2869 421 2920 ln
439 2868 540 2920 foribus
560 2867 659 2919 scribat
678 2871 833 2934 occupatam
854 2884 912 2920 esse
931 2884 974 2933 se;

390 2956 445 3007 Aut
463 2953 533 3021 quod
552 2953 598 3004 illa
617 2952 688 3004 dieat
706 2969 815 3021 peregre
834 2953 940 3005 allatam
960 2955 1110 3022 epistulam,

391 3041 430 3093 Ne
449 3040 564 3108 epistula
583 3037 688 3106 quidem
705 3039 760 3090 ulla
780 3041 862 3092 sitin
881 3040 998 3094 aedibus.

212 3136 322 3199 Asin.
345 3135 406 3199 773

392 3235 431 3287 Ne
449 3234 495 3285 illa
514 3233 601 3284 minus
620 3234 667 3283 aut
685 3229 745 3298 plus
767 3247 844 3298 quam
864 3237 894 3282 tu
913 3234 1008 3301 sapiat.

212 3327 324 3391 Asin.
346 3328 408 3392 803
425 3346 495 3408 sqq.

392 3428 457 3479 Tum
479 3428 501 3479 si
520 3441 630 3478 coronas
650 3427 720 3475 serta
738 3429 875 3490 unguenta
893 3425 1001 3477 iusserit

391 3511 521 3563 Ancillam
541 3511 609 3562 terre
629 3509 726 3562 Veneri
747 3515 793 3562 aut
812 3509 945 3578 Cupidini,

393 3596 464 3647 Tuos
484 3609 573 3646 servos
592 3598 678 3646 servet
697 3611 718 3646 e.
730 3611 754 3662 q.
765 3609 786 3646 s.

172 3690 227 3754 ubi
252 3689 331 3752 falso
354 3687 513 3768 Reisigius
542 3707 601 3768 pro
631 3693 687 3750 out
716 3688 850 3751 coniecit
881 3689 943 3765 rel,
973 3689 1004 3753 id
1030 3689 1117 3771 quod
1140 3692 1288 3760 Goetzius
1310 3703 1346 3762 et

173 3786 320 3850 Loewius
348 3787 507 3852 incautius
535 3790 733 3870 receperunt.
778 3787 961 3851 Servandus
984 3788 1106 3868 hiatus,
1136 3810 1238 3872 usque
1262 3792 1344 3857 dum

172 3903 249 3947 vera
272 3886 456 3949 emendatio
478 3886 667 3949 inveniatur.

245 4032 270 4099 l)
289 4033 475 4101 Imperatirum
496 4035 629 4091 sustineo;
655 4038 768 4085 ceterum
789 4032 821 4084 et.
842 4032 893 4084 lreo
915 4032 947 4083 ad
968 4034 1042 4085 Asin.
1062 4033 1111 4085 254
1133 4039 1158 4087 et
1176 4036 1258 4102 plaut.
1278 4037 1344 4092 For-

174 4117 311 4184 schungen
329 4134 354 4185 p.
375 4118 432 4170 213.
