3030 4838
644 277 685 287 -
727 244 767 308 39
808 280 849 288 ..

209 419 293 483 Cas.
319 419 378 482 126
388 438 435 502 sq.
457 417 502 482 sic
523 417 633 483 traditi
653 424 743 484 sunt:

319 519 384 573 Post
401 523 489 572 autem
507 521 563 572 ruri
580 521 633 573 nisi
653 521 841 586 tu†acervom
860 523 945 576 ederis

320 608 374 659 Aut
393 608 469 675 quasi
487 607 632 660 lumbricus
650 611 746 661 terram
764 625 786 662 e.
797 626 821 678 q.
833 626 853 662 s.

169 699 210 764 de
232 700 457 764 emendatione
484 699 544 763 loci
579 699 638 763 nisi
666 701 775 764 multis
796 702 902 766 verbis
923 702 1088 785 disputare
1109 724 1174 768 non
1196 724 1340 787 possem3

169 800 280 882 itaque
308 801 431 865 omitto.
471 800 566 863 Hunc
590 803 698 864 autem
726 821 855 866 sensum
883 807 1004 868 statuo:
1036 824 1150 882 „wenn
1179 805 1223 868 du
1251 806 1342 870 nicht

168 901 261 964 einen
285 920 406 982 ganzen
429 900 557 964 Haulen
580 901 702 965 Erbsen
724 902 863 967 oder-
884 923 939 967 um
961 904 1051 968 einen
1075 906 1199 970 andern
1213 906 1281 970 Fall
1303 926 1342 971 zu

169 1006 285 1079 setzen‚
309 1001 379 1065 eine
402 1001 522 1065 andere
544 1001 699 1082 Drohung
721 1022 759 1066 zu
783 1004 989 1083 gebraunhen
1005 1041 1043 1048 -
1059 1005 1121 1069 wie
1142 1007 1194 1070 ein
1214 1006 1342 1088 Regen-

169 1121 273 1166 wurm
297 1103 438 1166 u.s.w.“

213 1208 326 1290 Epid.
349 1208 444 1289 thsq.

543 1307 595 1360 Ubi
613 1309 636 1359 is
656 1307 765 1375 ergost?
783 1308 841 1360 Nisi
860 1310 883 1361 si
902 1309 930 1361 in
949 1309 1038 1362 vidulo

322 1396 377 1447 Aut
393 1396 415 1448 si
435 1396 463 1447 in
482 1395 589 1447 mellina
609 1394 744 1448 attulist'?

213 1489 325 1571 Epid.
349 1490 410 1553 389
420 1508 490 1570 sqq.

683 1589 758 1657 quasi
777 1589 841 1657 quid
861 1588 932 1641 lilius

325 1678 399 1729 Meus
418 1675 573 1744 deliquisset
592 1675 651 1727 med
671 1692 733 1743 erga
751 1680 797 1728 aut
816 1692 870 1728 non
889 1675 1012 1743 pluruma

325 1763 464 1816 Malclaota
482 1779 540 1815 mea
558 1768 646 1815 essent
666 1763 751 1816 solida
769 1762 797 1815 in
816 1762 997 1815 adulescentia

175 1878 259 1941 quae
281 1861 355 1920 sunt
377 1857 477 1920 verba
499 1856 655 1920 eiusmodi
676 1856 786 1938 patrie,
810 1856 865 1938 qui
886 1856 974 1921 haud
998 1875 1094 1938 saepe
1116 1855 1149 1920 in
1171 1856 1344 1920 comoediis

173 1958 371 2038 inveniatur3
408 1960 539 2021 excusat
561 1956 647 2020 enim
669 1956 794 2034 omnia,
827 1976 911 2038 quae
934 1955 1018 2020 tilius
1039 1954 1195 2038 peccavit,
1218 1956 1345 2020 duobus

173 2058 387 2140 argumentis:
421 2057 488 2138 „als
515 2057 558 2121 ob
586 2057 655 2121 sich
684 2057 770 2120 mein
792 2056 881 2120 Sohn
910 2076 1012 2137 gegen
1043 2055 1130 2119 mich
1158 2075 1344 2137 vergangen

172 2160 271 2238 hatte,
292 2159 371 2222 oder
393 2193 434 2203 -
455 2177 511 2222 um
532 2157 584 2221 die
606 2157 710 2221 Saohe
741 2176 804 2220 von
827 2156 964 2220 anderer
987 2156 1072 2220 Seite
1095 2175 1154 2220 aus
1183 2156 1232 2220 ins
1252 2156 1344 2238 Auge
1411 2209 1413 2213 ,

173 2281 212 2325 zu
232 2258 358 2324 fassen“
381 2278 408 2323 e.
420 2278 451 2339 q.
463 2278 487 2322 s.

214 2367 310 2432 Meu.
335 2367 394 2431 143
404 2385 451 2446 sq.

324 2466 372 2519 Dic
392 2465 464 2531 mihi,
484 2481 642 2533 enumquam
660 2467 690 2516 tu
708 2463 799 2516 vidisti
818 2463 935 2517 tabulam
954 2464 1052 2532 pictam
1070 2464 1227 2532 inportata,

324 2552 375 2606 Ubi
394 2552 484 2621 aquila
502 2551 676 2604 Catameitum
696 2556 800 2619 raperet
819 2556 865 2604 aut
883 2552 929 2604 ubi
946 2550 1038 2604 Venus
1058 2550 1217 2605 Adoneum?

214 2646 293 2711 Mil.
315 2647 353 2711 17
366 2666 414 2728 sq.

325 2746 426 2809 Quoius
445 2751 475 2799 tu
493 2746 610 2814 legiones
630 2743 767 2797 difflavisti
787 2744 885 2813 spiritu

323 2833 405 2897 Quasi
425 2837 519 2887 ventus
537 2832 601 2886 tolia
620 2836 666 2884 aut
684 2832 837 2900 paniculum
858 2833 1007 2886 tectorium.

217 2927 329 2992 Most.
353 2928 433 2991 1149
445 2947 492 3008 sq.

465 3027 493 3080 Si
513 3026 613 3080 amicus
630 3026 737 3095 Diphilo
757 3030 804 3078 aut
821 3025 1001 3092 Philemoni’s,

326 3115 413 3168 Dicito
431 3115 463 3181 is,
483 3130 534 3183 quo
555 3118 633 3182 pacto
652 3118 713 3167 tuos
730 3119 757 3166 te
775 3129 864 3166 servos
879 3113 1062 3165 ludificaverit

215 3210 314 3275 Rud.
336 3211 456 3290 508sq.

327 3309 510 3364 Scelestiorem
530 3324 621 3361 cenam
643 3308 735 3361 cenavi
754 3312 836 3373 tuam,

326 3395 409 3458 Quam
427 3413 494 3464 quae
514 3395 645 3464 Thyestae
665 3394 796 3462 quondam
817 3398 863 3446 aut
884 3393 971 3462 posita
990 3396 1031 3445 est
1048 3392 1144 3455 Tereo;

175 3488 220 3554 sic
240 3488 471 3572 Nettleshipius
498 3487 624 3570 egregie
651 3487 786 3552 coniecit
817 3507 876 3569 pro
898 3485 1077 3566 anteposito
1097 3491 1158 3563 est,
1182 3483 1271 3566 quod
1292 3503 1346 3547 co·

174 3590 260 3655 dices
281 3590 442 3656 exhibent.

213 3697 423 3763 Astrabae
445 3696 504 3776 frg.
527 3695 567 3759 ΙΙΙ

324 3797 405 3860 Quasi
424 3796 523 3850 tolleno
542 3799 589 3848 aut
608 3795 689 3863 pilum
709 3810 831 3862 graecum
855 3794 1003 3860 reciprocas
1022 3793 1103 3862 plana
1121 3793 1172 3845 ria.

253 3937 273 4020 ὓ
295 3935 343 4002 13.
375 3938 561 4021 Sequuntur
583 3936 611 4000 ei
630 3935 701 4013 loci,
725 3934 841 4017 quibus
863 3941 919 3998 aut
939 3953 1005 3998 non
1024 3954 1063 3999 ea
1078 3932 1239 4014 disiungit‚
1262 3951 1345 4014 quae

174 4057 314 4121 aequum
329 4039 446 4117 valent,
465 4037 522 4101 sed
533 4038 578 4101 ita
589 4037 770 4115 adhibetur,
792 4039 828 4100 ut
843 4035 981 4100 oratio
999 4034 1170 4116 gradum
1190 4032 1345 4097 habeat
