3030 4838
657 308 860 372 ‚45..

170 483 368 546 structuram
390 483 525 564 praebet
544 483 634 548 Most.
650 505 680 549 v.
698 486 754 549 34:
778 485 863 565 Quid
885 485 951 566 tibi,
969 487 1099 563 molum,
1121 507 1170 550 me
1190 495 1246 551 out
1265 488 1343 569 quid

168 601 222 662 epo
247 600 341 664 wem
363 583 540 646 curatiost?
571 583 655 661 Quin
675 584 773 648 etiam
788 584 957 648 Terentius
972 584 1094 666 Epidici
1113 606 1241 650 versum
1266 606 1340 668 cog·

168 699 262 744 nosse
284 679 420 759 videtur,
442 701 519 745 nam
541 682 673 747 Phorm.
698 684 758 748 305
779 684 824 747 sic
843 684 972 748 scribit:

649 783 780 834 hominem
800 784 1030 836 commonstrarier

321 869 385 920 Mihi
405 868 484 921 istum
505 868 564 922 volo
584 872 630 921 aut
648 870 694 921 ubi
714 869 816 921 habitet
835 869 1048 922 demonstrarier.

208 960 326 1025 Mero.
353 961 408 1025 121

320 1059 440 1130 Guraest,
458 1059 548 1127 negoti
568 1060 630 1128 quid
651 1061 686 1112 sit
705 1064 751 1112 aut
770 1061 833 1128 quid
852 1063 967 1115 nuntiet.

209 1153 329 1217 Merc.
351 1153 412 1217 253
424 1174 471 1236 sq.

459 1255 511 1307 nisi
531 1271 636 1323 capram
657 1254 729 1306 illam
751 1254 873 1322 suspicor

322 1341 375 1393 lam
396 1356 436 1392 me
454 1341 596 1405 iuvenisse,
613 1357 681 1408 quae
702 1342 737 1392 sit
755 1344 801 1392 aut
820 1340 883 1409 quid
902 1340 1024 1393 voluerit.

212 1437 329 1499 Mero.
351 1434 414 1498 634

323 1533 471 1600 Rogitares,
489 1532 548 1600 quis
568 1536 638 1585 esset
656 1537 702 1585 aut
721 1533 790 1585 unde
809 1537 887 1586 esset.

211 1627 322 1691 Pers.
344 1627 464 1707 513sq.

324 1724 393 1788 Quid
412 1727 438 1777 id
458 1724 550 1777 adme
569 1729 616 1776 aut
635 1724 667 1776 ed
688 1739 770 1775 meam
790 1740 845 1776 rem
861 1724 948 1789 refert,
962 1724 1059 1778 Persae
1074 1726 1137 1793 quid
1150 1743 1236 1779 rerum
1250 1732 1344 1795 gerant

324 1813 379 1865 Aut
397 1811 461 1880 quid
480 1827 540 1863 erus
559 1809 638 1863 tuos?

214 1906 325 1970 Pers.
348 1906 465 1986 596sq.

327 2003 384 2068 Quo
402 2020 499 2073 genere
518 2007 565 2056 eut
583 2018 635 2071 qua
653 2002 681 2053 in
700 2001 787 2070 patria
804 2007 868 2056 nata
885 2003 920 2055 sit
939 2007 985 2055 aut
1004 2005 1100 2072 quibus
1120 2005 1274 2072 parentibus
1285 2045 1291 2057 .
1302 2044 1308 2057 .
1320 2045 1342 2057 ..

325 2090 392 2144 Volo
411 2096 437 2144 te
456 2090 615 2160 percontari.

122 2147 124 2151 Α
188 2184 362 2253 Pseud.
386 2185 466 2248 noa

325 2285 382 2337 Nisi
401 2290 431 2337 ut
450 2285 627 2348 observemus,
647 2299 697 2351 quo
717 2286 760 2336 eat
778 2288 824 2336 aut
844 2299 921 2352 quam
940 2298 994 2335 rem
1013 2287 1096 2351 gerat.

260 2449 279 2533 ξ
302 2448 352 2515 18.
383 2450 522 2514 Restant
543 2448 608 2513 iarn
632 2448 813 2530 complures
834 2447 912 2526 loci,
936 2468 1017 2529 quos
1037 2449 1181 2512 nondum
1205 2469 1345 2514 comme-

174 2549 308 2628 moravi,
330 2548 406 2632 quia
419 2548 462 2612 ibi
477 2548 526 2613 vet
544 2554 600 2612 out
618 2547 789 2611 delendum
798 2547 848 2611 vet
860 2552 962 2612 toturn
972 2568 1099 2613 versum
1113 2548 1340 2631 interpolatum

175 2671 242 2716 esse
264 2669 388 2714 censen.

214 2755 300 2821 Aul.
324 2756 385 2819 508
396 2773 444 2835 sq.

324 2855 383 2908 Stat
402 2853 477 2917 fullo,
494 2852 617 2922 phrygio,
637 2852 748 2918 aurifex,
767 2852 879 2904 linarius
890 2892 896 2905 .
907 2891 930 2905 ..

323 2941 378 2992 Aut
396 2938 552 2991 manulearii
570 2942 617 2991 aut
635 2938 826 2991 murobatharii

175 3035 227 3100 ubi
250 3035 315 3098 Leo
337 3052 411 3097 mea
433 3033 562 3115 quidem
578 3032 737 3096 sententia
758 3031 933 3095 rectissime
950 3031 1103 3095 mutavit:
1127 3037 1211 3094 stam
1231 3052 1344 3095 mono·

176 3136 277 3213 learii,
289 3140 375 3198 stom
391 3131 640 3208 murobottorii3
660 3150 736 3195 narn
754 3135 860 3194 cetera
872 3150 1001 3212 quoque
1015 3150 1099 3212 quae
1115 3135 1346 3195 enumerantur

176 3234 326 3317 opificum
356 3231 489 3296 nomina
518 3250 583 3294 non
616 3231 859 3312 disiunguntur,
888 3231 947 3294 nisi
976 3231 1165 3311 interposito
1194 3236 1259 3294 etot
1289 3234 1346 3294 aut

177 3337 291 3398 ustum.

256 3429 403 3495 Bacch.
426 3430 517 3494 518a
539 3436 595 3492 aut
615 3429 648 3492 in
671 3429 889 3510 dittographia
912 3433 1025 3506 exstat,
1050 3448 1148 3510 quarn
1171 3428 1277 3493 omisit
1299 3431 1345 3503 A;

177 3529 285 3612 itaque
305 3528 543 3610 interpolatoris
564 3528 749 3592 recentioris
772 3548 888 3592 manus
910 3530 1115 3609 agnoscenda
1138 3532 1194 3592 est.
1314 3536 1317 3542 '

257 3631 354 3695 Men.
378 3629 457 3692 1019
479 3633 535 3691 aut
564 3647 583 3692 a
614 3627 734 3692 Bothio
764 3647 891 3692 summo
920 3628 988 3692 iure
1011 3629 1150 3692 deletum
1178 3632 1241 3705 est,
1270 3647 1345 3691 narn

178 3749 271 3794 sensu
293 3728 425 3813 omnino
447 3731 544 3791 caret.
1303 3730 1305 3735 ’

217 3836 333 3900 Mero.
355 3835 417 3900 536
425 3854 495 3917 sqq.

327 3935 361 3987 ln
378 3935 448 3986 inter
466 3949 515 3987 nos
535 3932 740 3996 coniuravimus,
762 3949 810 4001 ego
832 3949 890 3986 cum
910 3932 956 3986 ilio
975 3936 1002 3986 et
1018 3933 1062 3986 ille
1081 3950 1192 3999 mecum,

251 4066 254 4071 ⁴
325 4020 381 4089 Ego
401 4036 459 4073 eum
479 4019 536 4072 viro
556 4022 582 4069 ct
600 4018 645 4070 ille
666 4035 724 4070 cum
746 4019 855 4071 muliere
876 4020 928 4071 nisi
948 4036 1005 4072 eum
1026 4019 1071 4071 illo
1090 4024 1136 4071 aut
1155 4020 1198 4071 ille
1217 4035 1320 4071 mecum

326 4106 425 4159 Neuter
443 4106 528 4172 stupri
549 4121 630 4157 causa
649 4109 730 4173 caput
749 4105 853 4157 limaret
