3030 4838
703 367 744 376 -
784 332 825 394 86
867 367 908 376 -

263 509 405 573 Heaut.
426 508 488 572 566
502 528 571 590 sqq.

442 615 508 666 Nam
527 615 610 667 istaec
629 614 735 682 quidem
753 617 913 668 contumelia
931 620 979 679 est,

372 701 509 754 Hominem
530 703 642 754 amicum
661 702 778 769 recipere
797 701 829 753 ad
849 706 875 754 te
894 705 973 770 atque
992 703 1049 754 eius
1070 701 1180 753 amicam
1201 702 1355 768 subigitare.

373 787 422 840 Vel
441 788 503 840 here
521 789 551 840 iu
567 788 629 840 vino
648 804 726 855 quam
745 788 917 840 immodestus
935 787 1019 840 fuisti.

263 882 408 946 Heaut.
430 882 492 944 805
510 898 579 962 sqq.

373 986 454 1039 Nulla
472 994 513 1039 est
530 992 583 1038 tam
603 986 689 1040 facilis
708 1002 758 1050 res,
777 988 841 1054 quin
860 987 975 1041 difficilis
994 991 1053 1057 siet,

374 1072 458 1135 Quom
477 1073 576 1125 invitus
595 1073 686 1126 facias.
723 1073 771 1125 Vel
792 1090 833 1126 me
852 1074 917 1127 haec
935 1075 1122 1143 deambulatio,

375 1158 458 1220 Quam
479 1175 534 1211 non
552 1160 693 1225 laboriosa,
712 1158 745 1210 ad
766 1159 919 1227 languorem
939 1161 1020 1214 dedit.

263 1252 355 1316 Her.
375 1253 498 1333 58sqq.
933 1275 955 1317 ο

373 1359 425 1410 Per
444 1359 488 1426 pol
508 1374 586 1426 quam
607 1373 706 1425 paucos
724 1359 841 1426 reperias
860 1361 1043 1414 meretricibus

337 1498 341 1504 ,
373 1444 471 1496 Fidelis
492 1444 597 1496 evenire
616 1449 755 1510 amatores,
773 1445 855 1514 Syra!
1110 1435 1113 1440 ⁵

375 1530 423 1582 Vel
443 1530 486 1582 hic
504 1530 658 1599 Pamphilus
677 1530 782 1582 iurabat
800 1532 922 1600 quotiens
942 1531 1076 1598 Bacchidi,

375 1617 458 1680 Quam
479 1620 579 1680 sancte,
595 1621 626 1668 ut
644 1617 730 1684 quivis
749 1616 827 1669 facile
846 1620 937 1685 posset
956 1617 1071 1683 credere,

374 1704 522 1770 Numquam
542 1702 588 1754 illa
606 1702 665 1754 viva
685 1702 824 1755 ducturum
844 1719 951 1755 uxorem
972 1703 1092 1755 domum!

374 1790 420 1841 Em
441 1789 524 1840 duxit.

305 1883 377 1947 Non
407 1880 485 1945 falso
513 1878 609 1960 igitur
634 1899 694 1944 nec
718 1881 976 1944 contradicendi
999 1900 1091 1945 usum
1115 1880 1335 1945 Fleckeisenus
1357 1880 1391 1942 in

223 1984 368 2049 Heaut.
391 2001 420 2043 v.
441 1980 499 2043 541
524 1978 694 2059 legendum
718 1998 786 2042 esse

374 2087 422 2140 Vel
441 2087 493 2139 iam
512 2085 574 2138 huic
592 2086 734 2138 mansisset
751 2086 846 2139 unicus
865 2090 962 2154 gnatus
982 2086 1052 2138 domi

226 2182 369 2248 coniecit.
413 2181 474 2244 Sed
496 2179 620 2244 facilius
637 2199 748 2243 versus
770 2183 913 2259 sanatur,
936 2180 960 2244 si
980 2199 1052 2244 curn
1069 2179 1213 2244 Bentleio
1234 2181 1300 2244 iem
1318 2184 1391 2261 post

122 2307 125 2311 ·
223 2284 298 2347 huic
318 2280 567 2362 transponimus.
599 2278 683 2343 Nam
706 2280 869 2360 quomodo
891 2281 937 2343 oet
959 2279 1147 2345 intercidere
1169 2280 1311 2362 potuerit
1332 2286 1390 2345 aut
1475 2273 1479 2279 ’

225 2402 282 2447 eur
303 2379 497 2457 omiseritis
520 2378 575 2459 qui
595 2378 737 2442 codicem
753 2378 907 2455 exaravit,
931 2398 1029 2443 causa
1044 2379 1178 2443 inveniri
1195 2379 1248 2442 vix
1260 2379 1389 2462 poterit.

307 2551 326 2635 ξ
347 2550 390 2617 17.
427 2552 604 2634 Postquam
627 2551 736 2614 omnia
757 2570 842 2632 quae
866 2551 898 2614 in
915 2552 1044 2616 Terenti
1066 2552 1239 2617 comoediis
1260 2557 1389 2619 exstant

224 2652 454 2734 particularum
473 2649 620 2732 exempla
638 2649 758 2731 collegi,
781 2670 881 2714 unum
899 2652 996 2715 etiam
1011 2653 1168 2717 adnotare
1184 2672 1237 2717 me
1251 2656 1389 2734 oportet,

224 2752 312 2834 quod
334 2752 367 2815 in
389 2750 450 2814 hac
473 2770 507 2814 rc
526 2749 643 2831 pusilla
666 2750 774 2830 magni
796 2769 874 2814 sane
895 2752 1050 2816 momenti
1073 2756 1129 2816 est.

306 2856 490 2922 Invenimus
512 2854 597 2918 enim
620 2853 667 2917 vel

388 2955 421 3018 in
443 2953 569 3018 Andria
591 2951 769 3034 quinquies,

388 3055 420 3117 in
442 3051 599 3117 Eunucho
620 3050 798 3134 quinquies

388 3153 421 3216 in
440 3150 807 3216 Heautontimorumeno
829 3150 1009 3233 quinquies,

389 3253 421 3316 in
443 3249 639 3314 Phormione
660 3250 718 3328 bis,

388 3350 421 3414 in
442 3350 570 3432 Hecyra
591 3350 698 3428 semel,

388 3449 421 3513 in
442 3448 599 3530 Adelphis
622 3448 753 3512 omnino
774 3467 849 3512 non.

224 3556 328 3634 Quem
348 3556 374 3620 si
396 3574 604 3619 numerorum
623 3555 778 3633 ordinem,
802 3556 856 3636 qui
878 3574 951 3618 cum
966 3559 1147 3635 temporum
1164 3555 1277 3618 ordine
1292 3554 1389 3636 plane

224 3655 397 3732 consentit,
430 3655 592 3731 videmuS,
624 3675 751 3719 summo
782 3655 851 3718 iure
883 3656 1047 3719 miramur.
1101 3654 1269 3719 Terentius
1302 3655 1387 3718 enirn

223 3755 399 3836 posteriore
422 3755 507 3819 vitae
521 3758 667 3836 ternpore
683 3758 729 3819 nel
746 3755 848 3818 rarius
864 3758 962 3837 atque
977 3755 1080 3818 rarius
1095 3754 1251 3818 adhibuit.
1293 3753 1388 3831 Quod

224 3853 387 3934 quomodo
404 3854 568 3936 explicem,
586 3855 710 3930 nesci03
732 3874 808 3919 nam
822 3854 957 3918 similem
969 3854 1192 3919 plautinarum
1205 3853 1388 3919 fabularum

223 3953 336 4018 seriem
367 3954 523 4018 instruere
554 3974 618 4018 non
647 3974 787 4036 possum.
844 3954 910 4017 Nisi
940 3955 1020 4018 lorte
1047 3955 1109 4018 hac
1136 3954 1169 4018 in
1200 3974 1236 4019 re
1265 3953 1388 4034 aliquid

223 4053 386 4131 valebunt,
409 4074 493 4135 quae
515 4055 598 4118 intra
619 4074 650 4136 p.
668 4056 709 4119 94
731 4054 774 4118 ad
795 4054 956 4118 Catullum
980 4055 1137 4119 adnotata
1158 4054 1309 4118 invenies.
