3030 4838
729 293 936 357 ..58-

251 470 288 534 ld
319 472 384 534 est:
427 473 562 550 „mogon
594 469 640 534 sie
671 490 787 551 sagon,
830 471 906 535 wie
935 449 985 535 du
1018 471 1163 549 willst,
1204 470 1308 551 perire
1339 470 1418 534 oder

249 569 388 646 interire,
410 569 472 632 mir
492 569 533 632 ist
555 587 588 632 θε
611 568 745 650 gleich“.

329 722 349 806 §
379 721 411 788 5.
456 723 608 806 Sequitur
638 724 720 806 iam,
753 727 789 790 ut
819 724 889 789 illos
911 743 1023 788 versus
1045 723 1268 808 inspiciamus
1300 725 1419 807 quibus

246 823 294 888 oet
316 823 648 904 comparativam
674 824 755 888 vim
784 823 1082 904 habct=sogan
1126 823 1320 906 Incipiamus
1340 845 1418 890 vero

247 942 287 986 ex
307 941 400 986 versu
422 922 575 1004 quodam,
598 923 654 1005 qui
675 924 741 988 iam
763 928 859 988 antea
883 922 914 1005 (ἐ
937 921 969 1003 3)
992 923 1222 988 memorandus
1242 927 1327 1000 erat;
1362 924 1419 988 ubi

247 1023 396 1104 quamvis
417 1025 463 1087 vel
485 1042 550 1087 non
571 1023 615 1087 ad
636 1023 866 1104 imperativum
887 1023 1071 1104 appositum
1090 1023 1276 1102 videamus,
1306 1028 1417 1088 tamen

246 1121 455 1203 imperativus
481 1122 679 1204 supplendus
706 1127 764 1188 est.
818 1122 922 1200 Quem
950 1141 1079 1186 versum
1108 1121 1169 1186 hoc
1204 1123 1275 1187 loco
1313 1124 1417 1206 posui,

246 1221 323 1303 quia
361 1241 399 1285 eo
440 1222 561 1303 optime
597 1222 790 1300 illustratur,
834 1221 996 1303 quomodo
1029 1221 1075 1285 oct
1106 1220 1172 1284 vim
1205 1222 1349 1287 nativam
1384 1223 1417 1288 in

246 1321 502 1402 comparativam
520 1323 701 1387 mutaverit
745 1323 801 1387 Εεῖ
824 1320 952 1386 Stich.
976 1341 1005 1384 v.
1028 1321 1091 1386 aad

397 1421 495 1473 Ducam
515 1421 593 1474 hodic
613 1423 731 1475 amicam.
751 1422 851 1474 -Vol
872 1422 970 1488 decem,
991 1421 1053 1476 dum
1075 1421 1108 1473 de
1126 1423 1172 1474 tuo

249 1512 305 1576 ubi
326 1513 540 1595 supplendum
563 1518 628 1579 est:
650 1516 701 1580 vel
723 1515 796 1592 duc,
820 1519 852 1579 et
873 1514 1081 1579 vertendum:
1110 1533 1223 1594 „wenn
1246 1513 1291 1577 du
1313 1514 1417 1593 willst‚

247 1631 283 1675 so
305 1612 414 1689 fdhre;
446 1613 555 1691 athre,
587 1634 680 1679 wenn
704 1615 749 1678 du
771 1614 876 1693 willst‚
899 1612 1023 1695 sogar“.
1064 1613 1203 1695 Reliqua
1223 1612 1320 1677 huius
1341 1632 1419 1677 usus

251 1712 398 1794 exempla
419 1716 494 1776 sunt
514 1712 611 1777 haec:

288 1818 393 1882 Asin
416 1818 535 1900 327sq.

644 1918 701 1985 Age
720 1933 768 1984 age
787 1933 909 1971 mansero

400 2002 457 2054 Tuo
477 2003 607 2055 arbitratu
624 2003 665 2056 vel
685 2003 750 2056 adeo
770 2004 934 2072 usquedum
954 2005 1034 2073 peris,

289 2093 436 2157 Bacch.
458 2095 516 2158 831
530 2115 577 2177 sq.

400 2193 515 2262 Sequere
531 2194 580 2247 hac
598 2211 654 2247 ma:
673 2194 734 2247 faxo
752 2195 804 2247 iam
824 2194 900 2246 scies
920 2224 953 2231 -
972 2193 1029 2258 Quo
1047 2194 1188 2262 gentium?
1208 2225 1241 2232 —

400 2280 465 2332 Tres
484 2297 552 2333 unos
570 2297 674 2349 passus.
694 2311 726 2318 —
745 2280 794 2333 Vel
814 2281 912 2334 decem.

290 2371 405 2454 Capi.
432 2374 490 2437 183

402 2471 453 2525 Sed
473 2474 496 2525 si
515 2473 660 2540 venturu’s,
679 2475 790 2542 temperi
809 2474 856 2541 (ac.
876 2475 957 2541 vani).
975 2506 1008 2513 —
1027 2476 1075 2529 Em
1093 2477 1136 2529 vol
1153 2478 1206 2531 iam
1225 2481 1335 2534 otiumst

248 2565 335 2646 quod
364 2565 409 2628 ita
430 2564 742 2648 interpungendum:
776 2568 837 2632 Em
858 2568 905 2632 vet
925 2571 1008 2634 iam:
1030 2572 1159 2636 otiamst
1190 2571 1222 2654 (i.
1241 2594 1268 2637 θ.
1291 2594 1343 2638 em
1365 2576 1416 2641 vel

246 2663 312 2728 iam
334 2665 478 2730 veniam:
500 2664 655 2746 otiumst).
1496 2665 1498 2669 ’

290 2770 407 2835 Cure.
429 2773 491 2837 586
502 2793 549 2855 sq.

401 2870 451 2925 Ubi
470 2889 542 2925 nuno
562 2872 747 2926 Curculionem
765 2873 918 2925 inveniam?
937 2903 969 2910 —
988 2874 1019 2927 In
1035 2875 1069 2927 tri
1083 2875 1124 2928 ico
1143 2875 1276 2928 facillume

398 2958 446 3011 Vol
468 2961 627 3027 quingentos
647 2959 813 3027 curculiones
832 2976 879 3027 pro
898 2976 952 3014 uno
972 2960 1032 3014 laxo
1052 2962 1176 3030 reperias

288 3053 401 3117 Most.
426 3053 506 3117 1004
516 3073 586 3135 sqq.

793 3152 905 3206 Promisi
924 3154 1004 3219 foras

399 3240 441 3292 Ad
462 3256 552 3292 cenam
571 3255 605 3291 ne
624 3255 664 3290 me
683 3241 709 3290 ta
727 3255 821 3292 vocare
840 3255 957 3292 censeas
976 3267 1010 3277 —
1174 3304 1182 3319 .

399 3327 477 3378 Haud
496 3326 602 3394 postulo
622 3325 723 3392 edepol.
744 3355 776 3362 —
794 3326 892 3378 Verum
912 3342 979 3392 craS,
997 3327 1050 3379 nisi
1069 3327 1114 3394 qui
1133 3327 1207 3395 prius

398 3413 540 3465 Vocaverit
559 3442 591 3448 —
613 3428 662 3477 mo,
680 3411 721 3463 vel
742 3411 812 3479 apud
831 3418 857 3464 to
876 3425 1003 3465 cenavero

247 3508 303 3571 ubi
321 3506 445 3592 postulo
467 3509 499 3569 et
521 3505 569 3568 vet
591 3505 732 3586 quodam
755 3505 852 3569 modo
872 3506 1078 3588 respondent.

286 3615 395 3678 Pers.
419 3614 479 3678 396

402 3712 467 3765 Gum
486 3713 536 3765 hac
554 3712 615 3764 doto
635 3712 736 3779 poteris
755 3711 796 3763 vel
814 3712 934 3764 mendico
953 3713 1062 3766 nubere.

288 3806 433 3871 Pseud.
456 3807 514 3869 301
529 3826 576 3888 sq.

398 3906 460 3957 Eme
479 3905 521 3957 die
540 3922 618 3958 caeca
637 3904 724 3957 hercle
744 3904 848 3967 olivom‚
866 3903 893 3956 id
912 3905 1019 3959 vendito
1039 3906 1144 3959 oculata
1162 3907 1220 3959 die:

398 3992 452 4044 Iam
472 3991 559 4044 hercle
577 3991 619 4044 vel
638 3992 768 4044 ducentae
787 3991 844 4042 fieri
861 3995 974 4059 possunt
992 3996 1145 4060 praesentas
1164 3994 1265 4060 minae;

250 4085 430 4151 notandum
454 4085 516 4149 hoc
538 4085 610 4150 loco
631 4089 679 4150 est
701 4085 782 4149 duos
803 4085 1010 4167 imperativos
1032 4087 1248 4152 antecessisse.
