3030 4838
579 298 785 360 ‚81-

124 478 285 543 Phorm.
308 479 368 542 931

333 577 402 641 Quid
422 578 485 629 mihi
504 575 613 629 dicenti
651 576 705 627 Aut
727 590 806 642 quam
826 589 932 626 causum
953 571 1106 640 reperienti

124 673 284 738 Phorm.
306 673 368 736 418
474 692 501 739 at
517 702 567 739 nos
585 684 677 738 uudei
713 686 768 737 Aut
786 682 975 752 quamobrem?

122 779 285 844 Phorm.
307 779 366 843 431
387 798 433 861 sq.

546 861 622 929 Egon
639 865 713 914 tuam
732 862 853 928 expetam

234 948 405 1001 Amicitiam?
442 949 497 1001 Aut
515 953 540 1001 te
560 948 646 1001 visum
665 953 711 1001 aut
729 947 849 1000 auditum
869 944 965 999 velim?

124 1043 285 1107 Phorm.
309 1042 371 1106 550

333 1141 415 1203 Quam
436 1140 563 1194 obrem?
599 1140 654 1192 Aut
673 1139 797 1208 quidnam
817 1137 966 1191 facturu’si
986 1139 1059 1192 cedo.

122 1235 281 1298 Phorm.
305 1235 367 1298 574

235 1333 342 1386 Polme
361 1333 477 1386 detinuit
497 1334 613 1386 morbus.
633 1361 665 1370 -
684 1329 780 1384 Undei
816 1331 871 1383 Aut
892 1329 957 1400 quii

124 1426 285 1490 Phorm.
308 1427 369 1491 626

235 1526 304 1590 Quid
324 1527 366 1579 hic
385 1524 513 1595 coeptat?
549 1525 604 1577 Aut
624 1542 675 1594 quo
695 1524 789 1578 evadet
806 1522 906 1577 hodie?

125 1621 285 1684 Phorm.
309 1620 371 1684 704

235 1718 319 1782 Quam
339 1718 465 1773 obrem?
501 1719 556 1772 Aut
577 1719 640 1788 quid
659 1718 748 1772 dicet?

128 1813 289 1877 Phorm.
314 1814 374 1877 758
391 1833 438 1895 sq.

152 1912 221 1976 Quid
241 1913 340 1981 agam?
377 1913 459 1975 Quem
478 1914 542 1965 mihi
560 1913 673 1965 amicum
694 1914 827 1965 inveniam
848 1910 965 1965 misera?
1002 1911 1057 1963 Aut
1074 1926 1126 1979 quo
1145 1909 1257 1963 consilia

153 2001 209 2052 Aut
229 2000 301 2052 unde
320 2000 447 2053 auxilium
466 1999 575 2069 petam?
961 1997 1039 2066 [haec
1057 1996 1189 2051 referam?

124 2092 217 2157 Hec.
240 2093 279 2156 72
296 2112 342 2175 sq.

233 2193 368 2245 Iniurium.
382 2195 469 2243 autem
490 2194 530 2244 est
548 2191 641 2244 01οἰ0οἰ
662 2190 848 2244 adversarios?

234 2279 288 2332 Aut
307 2296 360 2347 qua
377 2279 421 2331 vic
438 2282 469 2331 te>
484 2281 592 2346 captent
610 2278 701 2331 eadem
720 2279 793 2347 ipsos
812 2277 891 2346 capii

124 2373 215 2438 Hec.
239 2372 300 2437 355

236 2472 303 2534 Quid
323 2476 353 2523 tu
372 2472 454 2540 igitur
472 2470 615 2524 lacrimas?
651 2473 707 2524 Aut
725 2472 788 2540 quid
807 2488 835 2524 es
856 2475 910 2524 tam
929 2469 1036 2524 tristis?

123 2565 215 2629 Hec.
238 2566 299 2629 628

233 2665 301 2727 Quid
321 2663 487 2732 respondebo
505 2662 567 2717 his?
603 2666 658 2717 Aut
677 2680 729 2733 quo
747 2668 825 2733 pacto
844 2664 893 2717 hoc
912 2661 1049 2732 aperiam?

124 2757 218 2822 Hec.
242 2756 304 2820 825

234 2855 303 2918 Quid
323 2856 498 2910 exanimatu’s
517 2858 647 2911 obsecro?
667 2862 713 2910 aut
730 2858 801 2911 unde
821 2859 929 2912 anulum
947 2858 1027 2911 istum
1046 2854 1171 2909 nactu’si

84 2951 128 3013 sic
146 2951 250 3014 scribo
269 2949 462 3014 Fleckeiseni
474 2951 612 3032 priorem
627 2952 801 3017 editionem
821 2957 957 3017 000οῒ00.
981 2948 1130 3015 Tradidit
1146 2950 1255 3012 autem

83 3051 274 3115 Bembinus:
297 3051 421 3115 0500ον0
442 3069 474 3114 00
495 3055 713 3132 catenulam,
736 3054 846 3118 ceteri:
869 3073 901 3117 00
918 3051 1119 3116 acominatus
1132 3047 1256 3112 obsecro

83 3156 140 3215 out
168 3151 253 3214 uude
284 3152 428 3215 anulum.
473 3151 539 3215 Aut
566 3152 653 3234 quod
684 3155 834 3218 omnibus
865 3151 1028 3216 codicibus
1055 3151 1256 3214 reservatum

84 3255 148 3328 est,
180 3270 237 3314 cur
264 3271 324 3315 nos
345 3271 411 3316 non
434 3257 659 3318 reservamus?
701 3252 977 3335 Umpfenbachius
1008 3270 1084 3314 vero
1117 3267 1256 3330 eumque

83 3351 186 3415 secuti
216 3350 364 3416 Dziatzko
395 3357 427 3417 et
453 3353 673 3418 Fleckeisenus
703 3354 736 3418 in
767 3355 868 3419 altera
899 3352 1039 3418 editione
1062 3369 1189 3415 versum
1210 3348 1256 3412 ita

83 3453 318 3517 instruxerunt:

235 3559 304 3621 Quid
324 3561 490 3614 exanimatus
509 3561 619 3614 obsecro
639 3558 687 3612 esi
724 3558 799 3611 Unde
820 3559 927 3612 anulum
947 3560 1028 3612 istum
1046 3555 1172 3611 nactu’si

124 3653 218 3715 Hec.
242 3652 303 3716 873
322 3672 369 3733 sq.

235 3752 293 3818 Ere,
312 3751 408 3805 licetne
427 3753 495 3806 scire
513 3769 545 3805 ex
564 3757 599 3818 te,
618 3752 696 3805 hodie
715 3752 779 3820 quid
795 3752 830 3804 sit
849 3750 919 3819 quod
937 3751 988 3802 feci
1007 3747 1090 3803 boni?

234 3840 290 3890 Aut
309 3839 371 3907 quid
390 3840 460 3892 istuc
479 3845 519 3893 est
538 3840 610 3908 quod
628 3857 674 3893 vos
693 3838 791 3907 agitis?

126 3931 194 3994 Ad.
219 3932 276 3995 149
291 3952 338 4012 sq.

235 4028 318 4090 Quam
338 4031 453 4083 hicnon
473 4033 570 4085 amavit
590 4031 772 4086 meretricem?
808 4030 862 4083 Aut
881 4030 924 4082 cui
942 4045 996 4081 non
1014 4028 1087 4080 dedit

234 4115 364 4185 Aliquid?

1078 4232 1093 4283 5
