3030 4838
728 238 986 323 -m-'

290 438 383 503 Hoc.
402 438 463 502 253
475 457 523 519 sq.

547 536 642 604 Siquid
660 539 701 589 est
719 540 856 604 peccatum
876 541 993 603 anobis,
1012 541 1116 608 proter:

389 624 444 677 Aut
462 640 493 678 ea
511 623 655 677 refellendo
673 627 720 676 aut
738 625 877 692 purgando
897 627 971 679 vobis
991 628 1161 695 corrigemus.

291 716 382 783 Hec.
404 719 466 782 480

388 817 559 886 Segreganda
575 821 622 869 aut
639 821 723 869 mater
741 834 757 869 a
775 833 816 870 me
835 822 884 884 est,
902 817 1045 888 Phidippo,
1061 823 1108 872 aut
1126 818 1291 873 Philumena.

292 911 501 992 suma

639 994 670 1042 ut
688 990 723 1042 sit
741 991 826 1044 satius
845 992 955 1059 perdere

390 1079 474 1142 Quam
493 1080 540 1129 aut
557 1093 629 1130 nunc
648 1093 754 1130 manere
772 1081 826 1130 tam
847 1078 894 1130 diu
913 1083 959 1131 aut
978 1083 1034 1131 tum
1053 1079 1185 1147 persequi.

333 1242 447 1325 §3²⁸
463 1263 533 1326 cap.
555 1244 598 1309 IV
621 1242 639 1325 ἓ
661 1244 697 1308 3:
720 1249 776 1307 out
796 1244 839 1307 ad
860 1244 1086 1325 imperativum
1109 1244 1242 1310 aceedit.
1273 1244 1426 1310 Ceterum

252 1345 292 1409 de
313 1344 461 1426 imperati
482 1344 655 1427 asperitate
677 1344 716 1408 cf.
740 1363 810 1425 cap.
832 1345 874 1410 lv
895 1344 914 1427 ἐ
937 1347 956 1410 3
979 1349 1057 1409 extr.

293 1450 388 1517 Hec.
412 1452 473 1516 698

375 1551 501 1625 ¹Itedduc
518 1567 628 1605 uxorem
649 1555 696 1605 aut
714 1569 792 1621 quam
812 1554 845 1606 ob
865 1568 919 1605 rem
937 1568 992 1605 non
1010 1567 1078 1620 epus
1095 1552 1131 1604 sit
1150 1551 1224 1605 cedo.
1301 1540 1303 1544 ¹

294 1645 364 1709 Ad.
388 1644 446 1709 123

391 1745 527 1798 Postremo
546 1747 593 1797 aut
610 1744 702 1797 desine
721 1748 767 1796 aut
785 1745 849 1798 cedo
869 1747 986 1814 quemvis
1005 1746 1148 1810 arbitrum

252 1857 337 1920 quae
367 1841 414 1902 est
442 1836 553 1900 stricta
582 1835 769 1913 disiunctio,
799 1837 889 1901 cuius
921 1840 1048 1902 tantum
1076 1838 1118 1902 ad
1141 1839 1277 1903 alteram
1296 1842 1427 1920 partem

254 1938 391 2024 quemvis
402 1937 606 2001 referendum
621 1939 676 2000 est.
710 1936 777 2001 Act
797 1936 933 2019 duplicis
952 1957 1026 2002 cum
1049 1939 1240 2020 imperativo
1263 1939 1427 2004 coniuncti

252 2039 341 2122 apud
362 2038 515 2103 Plautum
536 2036 661 2102 nullum
682 2038 863 2119 exemplum
886 2041 1001 2102 exstat.

337 2214 453 2298 fl4=
468 2235 538 2297 cap.
561 2216 606 2279 IV
629 2213 648 2297 ἕ
668 2211 705 2279 4:
738 2220 795 2279 oct
815 2215 992 2297 simplicem
1014 2215 1259 2282 disiunctionem
1287 2217 1427 2282 exhibet.

294 2323 419 2389 Andr.
442 2324 482 2388 83
491 2342 539 2404 sq.

573 2423 745 2476 observabam
764 2439 841 2476 mane
859 2423 964 2475 illorum
985 2422 1101 2475 servolos

393 2509 533 2563 Venientis
551 2514 597 2563 aut
615 2511 747 2563 abeuntis.

295 2603 417 2668 Andr.
438 2603 557 2684 440sq.

393 2703 465 2755 Nihil
475 2702 563 2757 hercle
574 2702 620 2769 (se.
628 2704 738 2772 nuptiae
747 2701 874 2755 molestae
884 2701 974 2769 sunt):
989 2705 1044 2767 aut,
1054 2702 1077 2754 si
1087 2701 1162 2768 adeo,
1179 2700 1280 2753 biduist
1290 2705 1338 2754 aut
1345 2700 1428 2753 tridui

393 2789 465 2843 Haec
483 2789 642 2843 sollicitudo.

296 2885 391 2948 Eun.
417 2884 477 2948 184

394 2983 516 3038 Profecto
534 2980 589 3037 non
607 2983 668 3052 plus
687 2982 795 3035 biduom
815 2986 862 3034 aut
958 2981 1005 3033 Ph.
1032 2980 1107 3035 Aut?
1132 2981 1204 3034 Nihil
1223 2998 1318 3034 moror.

297 3077 392 3140 Eun.
414 3076 476 3142 to3
485 3098 533 3160 sq.

628 3157 695 3210 Tum
714 3158 800 3211 sicubi
819 3173 879 3209 eum
898 3158 1007 3209 satietas

394 3243 536 3297 Hominum
556 3248 603 3297 aut
621 3245 712 3312 negoti
731 3244 861 3313 siquando
881 3244 970 3297 odium
989 3249 1096 3313 ceperat
1114 3260 1136 3296 e.
1147 3261 1171 3312 q.
1183 3259 1203 3295 s.

297 3337 445 3401 Heaut.
466 3337 507 3401 bt
517 3357 565 3419 sq.

716 3435 800 3472 annos
819 3420 960 3487 sexaginta
978 3424 1057 3472 natus
1077 3435 1105 3472 es

395 3505 451 3558 Aut
471 3506 532 3574 plus
551 3522 591 3573 eo,
608 3509 639 3558 ut
658 3507 768 3559 conicio.

298 3599 444 3664 Heaut.
470 3599 529 3664 132

396 3698 478 3762 Quem
497 3700 597 3767 pariter
613 3699 654 3751 uti
672 3699 714 3751 his
733 3699 822 3751 decuit
842 3702 888 3751 aut
907 3698 986 3750 etiam
1005 3697 1127 3766 amplius.

299 3792 444 3857 Heaut.
466 3792 526 3856 725
539 3811 609 3873 sqq.

453 3909 532 3960 saepe
551 3893 693 3944 obsecrans
713 3907 753 3943 me
772 3895 802 3943 ut
820 3892 924 3942 veniam
943 3890 1043 3942 frustra
1061 3890 1157 3956 veniet,

397 3980 453 4032 Aut
471 3996 529 4032 cum
550 3983 688 4031 venturam
707 3978 797 4030 dixero
817 3981 843 4029 et
865 3978 1026 4030 constituero

397 4067 533 4135 Decipiam
553 4081 583 4118 ac
601 4081 656 4118 non
675 4065 787 4118 veniam.
