3030 4838
659 307 866 371 ..49-

167 481 261 547 rativi
293 480 344 545 vis
373 481 521 545 firmatur
554 485 586 546 et
616 483 816 564 cumulatur,
849 486 895 548 sic
926 461 1075 566 apposito
1104 492 1218 555 contra
1248 493 1340 574 quasi

167 581 383 647 attenuatur.¹
415 581 499 645 Nam
522 582 578 664 qui
599 582 676 647 dicit
696 584 741 648 sis
760 583 817 667 fac
837 585 929 665 illud,
951 585 1188 668 imperativi
1218 591 1341 656 stric-

168 684 248 745 lam
265 681 541 764 asperitatem
563 683 678 761 lenit,
698 703 771 748 cum
790 685 857 749 eius
874 705 970 767 quem
991 687 1132 769 appellat
1147 689 1341 756 arbitratum

169 785 223 845 aut
243 780 400 863 respiciat
422 784 478 845 aut
500 781 658 863 respicere
679 783 814 865 simulet.
864 784 976 862 Quod
1005 784 1108 850 idem
1136 787 1172 852 in
1194 791 1253 853 vel
1275 809 1341 855 ca-

169 879 263 944 dere
285 884 326 944 et
346 899 385 944 eo
408 879 534 961 dequo
556 881 682 962 agimus
708 903 802 947 versu
825 884 1008 949 confirmari
1039 886 1166 951 confido
1188 892 1220 952 et
1246 895 1341 971 quat·

169 982 241 1045 tuor
262 979 495 1062 sequentibus:

205 1086 354 1169 Amph.
376 1087 495 1167 tllbsq.

320 1185 449 1254 Equidem
468 1185 527 1237 ioco
546 1183 592 1236 illa
611 1184 727 1237 dixeram
748 1185 847 1238 dudum
866 1186 924 1251 tibi,

320 1271 437 1325 Ridiculi
457 1287 545 1325 causa
577 1270 627 1324 Vel
645 1271 716 1324 hunc
734 1277 826 1340 rogato
845 1272 948 1326 Sosiam

170 1366 221 1431 ubi
243 1365 347 1431 vel=
362 1367 393 1430 si
411 1368 520 1449 placet.
570 1365 742 1446 Langenus
770 1366 884 1429 eodem
914 1366 1011 1431 modo
1034 1387 1098 1448 quo
1120 1372 1217 1433 antea
1244 1373 1340 1451 errat,

171 1485 242 1531 cum
264 1487 298 1549 p.
321 1467 359 1530 71
384 1468 506 1529 vertat:
538 1463 644 1545 ,Oder
671 1484 768 1529 wenn
796 1465 839 1529 du
867 1466 930 1529 mir
957 1466 1048 1531 nicht
1076 1467 1216 1547 glauben
1236 1470 1339 1548 willst,

171 1585 204 1630 so
224 1566 316 1648 hage
338 1565 438 1629 lieber
460 1563 530 1629 hier
551 1564 614 1628 den
635 1562 756 1628 Sosia“.

208 1672 326 1738 Cure.
349 1672 407 1737 611

320 1771 350 1825 Si
367 1772 408 1825 ris
425 1771 512 1824 tribus
531 1770 608 1837 bolis,
627 1770 677 1836 vel,
696 1771 724 1822 in
743 1770 922 1839 chlamydem!

172 1885 235 1949 quo
257 1865 299 1930 de
322 1884 417 1930 versu
438 1863 477 1928 cf.
500 1883 600 1945 supra
620 1883 651 1945 p.
674 1863 720 1927 17.

209 1972 325 2055 Epid.
347 1971 408 2037 697
420 1991 490 2053 sqq.

322 2071 381 2134 Qua
398 2071 497 2124 fiducia
515 2069 605 2122 ausu’s
625 2069 747 2137 primum,
767 2084 834 2137 quae
853 2073 967 2137 emptast
985 2069 1190 2136 nudiustertius,

325 2158 420 2211 Filiam
439 2173 522 2209 meam
542 2156 629 2208 dicere
648 2153 726 2208 esset
737 2184 770 2191 -—
782 2154 886 2207 Libuit:
907 2171 937 2207 ea
956 2154 1061 2208 fiducia.
1074 2185 1107 2194 -

323 2244 377 2296 Ain
395 2242 445 2296 tu?
472 2241 696 2295 Libuitt-Aio.
724 2241 772 2293 Vel
792 2241 826 2294 da
844 2241 951 2310 pignus,
969 2242 997 2294 ni
1017 2257 1049 2294 ea
1067 2243 1102 2295 sit
1120 2241 1174 2296 filia

173 2339 260 2421 quod
277 2357 353 2402 mea
373 2337 505 2419 quidem
527 2336 687 2400 sententia
708 2334 753 2399 sic
774 2335 964 2400 vertendum
984 2338 1048 2399 est:
1074 2335 1139 2414 ,Ja,
1162 2335 1221 2400 das
1235 2335 1340 2400 meine

171 2439 230 2504 ich.
264 2439 316 2502 Du
338 2437 456 2502 kannst
478 2437 539 2500 mir
558 2436 601 2517 ja,
623 2454 718 2499 wenn
735 2435 779 2499 du
794 2434 897 2512 willst,
918 2434 969 2498 ein
986 2435 1092 2500 Pfand
1109 2436 1222 2516 geben,
1244 2455 1340 2500 wenn

171 2538 214 2602 sie
231 2536 324 2602 nicht
345 2536 439 2600 deine
455 2535 596 2600 Tochter
616 2535 684 2598 ist.“
721 2534 793 2612 Quo
815 2535 884 2598 iure
900 2534 962 2599 hoc
980 2535 1051 2600 loco
1068 2536 1238 2616 Langenus
1251 2557 1283 2618 p.
1300 2537 1341 2600 74

172 2635 427 2719 conrparativam
450 2635 516 2698 vim
542 2635 671 2715 ,sogar“
697 2635 877 2716 particulae
898 2639 1070 2716 supponat,
1094 2654 1159 2699 non
1174 2634 1339 2716 intellego;

171 2737 404 2819 intellegerem,
428 2734 454 2798 si
475 2734 631 2798 traditum
653 2737 751 2798 esset:
783 2734 831 2799 vel
852 2735 891 2799 do
910 2735 1039 2816 pignus.
1082 2734 1233 2815 Epidicus
1254 2735 1339 2799 enim

171 2856 234 2901 non
255 2834 431 2917 respondet
451 2833 511 2897 nisi
532 2853 598 2898 uno
619 2834 718 2898 verbo
739 2834 781 2898 ad
804 2854 852 2912 ea,
876 2854 961 2916 quae
978 2833 1176 2916 Periphanes
1196 2835 1338 2914 rogavit3

171 2936 287 3000 deinde
307 2954 366 3017 per
387 2933 566 3015 asyndeton
588 2933 631 2997 ad
653 2932 686 2996 id
708 2933 842 3013 transit,
872 2934 959 3016 quod
987 2953 1105 2998 novom
1135 2933 1240 2997 dicere
1261 2934 1339 2997 vult.

210 3040 464 3121 mme

321 3138 406 3193 Hodie
421 3138 535 3206 accipiat
545 3141 592 3204 (sc.
603 3139 763 3207 argentum).
772 3167 805 3176 -
814 3138 855 3190 lta
865 3139 934 3190 enim
944 3154 1015 3205 vero,
1033 3155 1067 3191 ne
1077 3154 1129 3206 qua
1139 3154 1219 3191 eausa
1229 3139 1339 3191 subsiet.

321 3225 370 3279 Vel
389 3226 454 3278 mihi
472 3225 657 3278 denumerato:
677 3241 725 3293 ogo
744 3225 784 3277 illi
802 3241 880 3294 porro
900 3224 1119 3289 denumeraver03

170 3319 375 3402 Langenus2)
400 3317 553 3383 adnotat:
578 3318 837 3400 ,Theopropides
852 3318 979 3396 erklarl‚
1002 3318 1059 3382 der
1076 3317 1248 3398 Glaubiger
1263 3317 1340 3383 solle

172 3419 229 3484 das
241 3419 322 3484 Geld
337 3438 402 3483 von
418 3417 485 3482 ihm
500 3418 710 3494 bekommen;
733 3418 853 3482 Tranio
870 3417 1037 3482 erwidert:
1059 3418 1112 3498 tSo
1129 3418 1169 3482 ist
1184 3437 1218 3482 es
1232 3418 1339 3482 recht:

170 3519 247 3584 oder
269 3517 442 3596 vielmehr,
471 3516 543 3598 gieb
573 3517 635 3581 mir
657 3518 716 3581 das
739 3517 836 3596 Geld,
865 3517 917 3580 ich
938 3517 1001 3581 will
1023 3538 1057 3582 es
1078 3518 1152 3582 dem
1174 3516 1263 3581 Simo
1283 3518 1340 3582 be·

170 3617 301 3697 zahlen’‚
332 3618 478 3698 dagegen
499 3616 612 3681 machi
634 3617 752 3681 darauf
771 3616 1014 3698 Theopropides
1044 3618 1096 3682 die
1118 3617 1340 3698 Einwendung

170 3721 203 3782 at
225 3718 330 3797 euim,
361 3737 402 3782 ne
432 3717 511 3799 quid
541 3715 681 3798 captioni
711 3715 790 3780 mihi
822 3717 879 3793 sit,
907 3717 933 3780 si
956 3717 1098 3781 dederim
1118 3717 1185 3783 tibi.
1228 3718 1341 3782 Mulier

239 3850 266 3918 l)
284 3850 342 3905 Huc
358 3852 474 3921 pertinet
487 3850 515 3902 id
531 3866 644 3918 quoque,
664 3849 734 3918 quod
748 3850 842 3902 amabo
858 3850 897 3902 rel
912 3850 1019 3902 obsecro
1031 3850 1072 3902 vel
1085 3850 1183 3903 similia
1196 3851 1340 3904 sescenties

169 3938 200 3990 ad
220 3938 405 4007 imperativum
425 3937 568 3990 adduntur.

236 4023 264 4091 2)
281 4024 317 4077 Et
335 4024 379 4078 hic
398 4028 424 4077 ot
442 4024 668 4092 insequentibus,
688 4022 793 4090 quando
808 4038 874 4074 usus
891 4022 1019 4091 postulat,
1038 4022 1156 4091 Langeni
1169 4023 1338 4092 rerbaplena

168 4114 247 4178 atque
273 4110 377 4178 integra
402 4111 538 4178 exscribo‚
571 4111 670 4163 veritus
702 4126 736 4162 ne
763 4110 895 4162 sententia
921 4110 978 4161 eius
996 4109 1078 4162 latino
1106 4126 1182 4162 versa
1206 4111 1339 4178 nimisque

140 4214 143 4219 ’
169 4201 304 4251 eontracta
322 4213 417 4251 sensus
437 4198 561 4251 subtilior
577 4214 670 4265 parum
692 4200 877 4264 cognoscatur.

1131 4290 1147 4340 4
