3030 4838
660 328 868 394 ...67:-

308 506 434 563 Gsnritne
452 505 533 560 febris
551 509 578 559 te
596 504 652 560 heri
671 507 711 560 vel
729 505 829 560 nudius
846 506 942 559 tertius

307 595 343 649 lit
359 596 417 649 heri
436 593 618 648 cenavistine?
637 623 668 631 -
689 593 834 647 Deridesne
852 592 912 647 me?

166 710 297 757 versum
324 690 362 753 17
383 689 556 777 Langenus
577 690 614 752 ut
636 687 755 751 deleret
774 686 824 750 his
846 686 1045 768 argumentis
1074 689 1255 751 commotus
1275 690 1341 752 est:

169 790 238 874 „vel
258 791 360 855 istan
379 789 482 854 dieser
499 787 595 852 Stelle
613 806 694 869 ganz
714 786 953 869 unplautinisch
969 788 1036 852 und
1051 786 1236 869 uberhaupt
1257 787 1343 852 ohne

168 890 395 971 vernriuftigen
416 889 505 953 Sinn.
538 888 627 952 Dazu
648 887 772 952 kommt
794 888 851 952 der
872 887 989 952 hdchst
1006 887 1156 952 seltsame
1172 887 1342 952 Ausdruclr

169 992 316 1057 caruitne
337 995 369 1055 te
391 990 504 1067 febris,
533 1008 569 1053 so
598 989 673 1052 dass
698 1007 775 1052 man
807 988 894 1052 starlr
915 988 1067 1052 versucht
1087 987 1146 1066 ist,
1179 988 1242 1052 den
1263 988 1342 1053 Vers

168 1112 205 1157 zu
234 1092 356 1173 tilgen,
387 1088 569 1154 worauthin
600 1087 668 1152 sich
699 1092 732 1152 et
759 1088 828 1152 heri
856 1088 1052 1153 cenavistine
1080 1087 1125 1151 im
1146 1087 1265 1152 Munde
1286 1088 1343 1154 des

168 1193 344 1257 Palinurus
365 1190 529 1255 durchaus
556 1188 696 1271 passend
727 1207 769 1252 an
792 1189 844 1252 die
872 1188 1136 1269 vorhergehende
1156 1189 1259 1269 Frage
1287 1190 1343 1253 des

169 1293 393 1358 Phaedromus
432 1289 647 1354 ansehliessen
679 1289 792 1353 winde
823 1309 849 1353 e.
869 1307 900 1370 q.
918 1288 963 1352 s.“
1016 1288 1108 1365 Quae
1150 1292 1343 1371 argumenta

170 1392 249 1458 mihi
280 1396 319 1457 ut
340 1392 493 1472 Langeuo
524 1389 719 1454 adsentirem
747 1392 992 1471 persuaserunt,
1028 1408 1134 1471 neque
1162 1392 1275 1454 eontra
1304 1409 1342 1454 ea

168 1494 231 1558 Leo
258 1492 434 1574 quicquam
464 1490 584 1570 effecit,
613 1509 686 1554 cum
717 1493 749 1554 et
780 1494 854 1571 post
874 1488 1029 1554 aalaidis
1048 1489 1190 1554 Palinuri
1225 1509 1342 1555 nomen

168 1594 324 1658 insereret
345 1595 378 1657 et
399 1591 442 1656 ad
461 1594 509 1657 eet
528 1591 715 1656 adnotaret:
744 1593 791 1655 cel
817 1591 839 1655 i.
860 1611 883 1655 e.
907 1589 972 1669 vel,
1000 1591 1030 1654 si
1048 1590 1148 1672 febris
1169 1597 1226 1654 tua
1246 1611 1343 1676 quare

168 1700 247 1760 tem
275 1699 321 1759 cst
348 1692 468 1757 nudior
496 1693 616 1757 artius.
659 1691 697 1755 Id
735 1691 865 1773 quidem
895 1691 975 1755 mihi
1004 1694 1092 1756 reete
1118 1689 1253 1757 sensisse
1278 1690 1343 1755 Leo

168 1795 298 1860 ridetur
329 1797 386 1859 aut
414 1793 464 1857 bis
491 1792 663 1874 legendum
693 1812 762 1856 esse
783 1792 996 1856 certissimam
1024 1795 1081 1856 aut
1108 1791 1208 1857 verba
1230 1793 1343 1857 ostiam

169 1894 419 1962 amomum
440 1913 533 1958 servo
556 1892 763 1958 attribuenda
785 1913 863 1957 esse.
895 1892 979 1957 Nam
996 1893 1112 1975 sipost
1126 1892 1342 1958 melissimum

169 1996 420 2062 occlrmiseimum
440 1995 611 2077 repetitur,
638 2013 717 2058 sane
740 1993 907 2058 deridendi
929 2013 1028 2058 causa
1049 1994 1172 2058 dictum
1195 1998 1260 2074 est,
1282 1995 1343 2060 ita·

170 2117 233 2180 que
255 2116 276 2161 a
296 2095 459 2161 Palinuro.
488 2094 645 2177 Equidem
671 2095 720 2158 bis
742 2096 954 2158 acutissimum
975 2094 1114 2159 seribere
1134 2095 1220 2159 Festi
1237 2095 1342 2178 glossa

171 2197 213 2262 ad
235 2200 411 2279 utrumque
439 2214 567 2260 versum
599 2195 745 2259 adhibita
774 2195 895 2260 malim.
938 2195 1060 2259 Deinde
1082 2195 1162 2259 mihi
1185 2215 1215 2259 r.
1240 2196 1277 2260 17
1299 2196 1341 2260 ab

173 2296 402 2379 interpolatore
423 2296 600 2360 recentiore
628 2295 834 2378 interpositus
864 2295 1098 2374 emendetur,
1128 2295 1183 2378 qui
1209 2315 1340 2360 causam

170 2417 225 2463 cur
255 2397 354 2462 ianua
383 2416 499 2461 cenare
521 2396 658 2461 fortasse
679 2415 745 2461 non
766 2397 922 2479 potuisset
950 2396 1156 2462 desiderabat
1183 2399 1216 2461 et
1235 2397 1342 2462 Plauti

168 2497 404 2580 neglegentiam
426 2517 461 2562 se
490 2497 663 2562 emendare
689 2517 784 2579 posse
813 2497 975 2579 sperabat.
1018 2497 1169 2563 Ceterum
1192 2517 1342 2580 conexus,

169 2599 222 2682 qui
258 2601 307 2663 est
338 2597 421 2662 iuter
450 2597 623 2662 verborum
653 2598 772 2662 formas
803 2599 932 2662 valuisti
963 2601 996 2663 et
1030 2599 1180 2664 cenerati
1212 2599 1342 2664 easdem

166 2717 320 2781 personas
341 2696 537 2777 exhibentes,
558 2697 621 2762 hoc
647 2717 740 2762 versu
765 2697 902 2780 pessime
923 2699 1054 2764 tollitur.
1089 2699 1214 2764 Summi
1232 2703 1342 2764 autem

169 2796 326 2864 momenti
348 2801 405 2877 est,
427 2798 516 2881 quod
537 2798 585 2863 eei
607 2798 656 2862 hic
679 2798 711 2863 in
734 2799 893 2865 sententia
909 2799 1139 2882 interrogativa
1157 2803 1342 2883 usurpatur,

168 2899 222 2964 ubi
250 2898 381 2964 omnino
407 2899 515 2963 locum
535 2918 600 2964 non
629 2898 729 2964 habet
762 2899 812 2978 (cf.
836 2921 934 2983 supra
961 2921 993 2983 p.
1014 2899 1084 2981 h3);
1115 2921 1193 2966 nam
1223 2902 1250 2966 si
1271 2902 1344 2984 quis

168 2998 361 3081 interrogat,
393 3018 432 3063 ex
462 3019 522 3064 sua
548 2999 707 3064 sententia
729 3000 962 3082 interrogatum
994 3001 1182 3066 conlormat.
1229 3003 1343 3084 ltaque

169 3099 221 3165 bic
243 3096 459 3165 almostam
475 3100 563 3182 quod
578 3099 717 3165 traditur
733 3100 789 3179 cel,
806 3106 918 3167 contra
932 3105 1084 3166 naturam
1100 3121 1193 3167 suam
1210 3105 1342 3184 pugnat.

210 3206 311 3271 Men.
332 3227 361 3271 v.
386 3207 468 3272 1054
486 3207 624 3271 traditus
646 3211 694 3272 est
713 3207 776 3271 sic:

308 3304 392 3369 Quom
412 3323 460 3375 ego
480 3323 588 3360 ascune
608 3312 687 3376 teque
708 3308 792 3377 eripio
811 3307 852 3361 vel
871 3308 1052 3377 impugnando
1071 3308 1208 3377 ingratiis3

168 3399 213 3464 vel
235 3401 324 3482 quod
345 3399 514 3482 nequead
536 3420 666 3465 sensum
687 3420 793 3482 neque
810 3402 852 3466 ad
866 3405 1005 3466 metrum
1022 3403 1171 3485 quadrat,
1194 3401 1343 3467 aCame·

170 3500 255 3565 rario
285 3520 304 3565 e
335 3503 427 3565 textu
459 3505 619 3565 remotum
652 3504 701 3565 est
732 3505 831 3583 atque
861 3502 1069 3567 emendatum
1098 3504 1131 3566 vi
1155 3502 1342 3586 pugnando.

168 3600 235 3683 Ego
263 3600 375 3665 malim
405 3602 453 3666 eei
480 3600 717 3687 impugnando,
755 3602 793 3665 cf.
816 3602 930 3666 Mero.
955 3602 1198 3686 317sqq.:hoc
1224 3603 1344 3667 seilicet

170 3700 240 3766 loco
262 3701 423 3783 Demipho
442 3701 635 3784 Lysimacho
662 3722 696 3766 se
718 3721 829 3766 amare
852 3702 1015 3767 confessus
1045 3707 1190 3782 veretur,
1222 3721 1264 3767 ne
1291 3702 1343 3766 ille

169 3821 203 3866 se
224 3802 377 3884 castiget3
398 3801 539 3867 Palatini
561 3802 729 3867 exhibent:

448 3902 520 3955 Nihil
539 3907 580 3957 est
597 3904 649 3956 iam
669 3903 740 3972 quod
759 3907 789 3955 tu
810 3904 874 3955 mihi
892 3918 1064 3958 suscenseas:

307 3988 404 4043 Fecere
422 3990 475 4042 tale
494 3995 556 4043 ante
576 3991 619 4043 alii
640 3991 753 4059 spectati
771 3991 829 4042 viri.

228 4075 280 4129 319
311 4075 461 4130 Humanum
481 4081 604 4144 emarcet,
623 4078 768 4131 humanum
788 4081 876 4130 autem
894 4078 1074 4146 ignoscerest:

309 4163 350 4218 Ne
369 4165 406 4218 sis
424 4181 467 4219 me
486 4165 606 4233 obiurga,
624 4165 674 4218 boc
692 4180 748 4217 non
765 4165 889 4218 voluntas
907 4181 948 4218 me
967 4166 1087 4236 impulit3

1147 4249 1185 4306 51
