3030 4838
654 364 691 376 ..
737 332 777 394 36
822 367 859 378 ..

210 502 317 567 Pers.
341 504 402 567 619
418 524 466 585 sq.

308 602 375 656 Nolo
394 619 442 671 ego
462 609 487 656 te
506 605 605 668 mirari,
626 607 647 657 si
666 623 715 659 nos
735 623 767 658 ex
785 611 811 660 te
830 609 1045 676 percontabimur

309 691 365 741 Aut
384 691 496 757 patriam
516 695 588 744 tuam
611 697 657 744 aut
676 699 808 761 parentes.

209 782 456 866 1131111133.

307 884 404 937 Saltem
427 885 540 953 aliquem
560 887 649 954 velim,
668 888 712 954 331
732 887 796 938 milri
816 903 848 938 ex
868 887 909 940 his
928 887 993 941 loeis

307 972 362 1023 Aut
381 973 449 1024 viam
470 977 517 1026 aut
536 976 655 1027 semitam
675 979 812 1026 monstret.

209 1064 394 1129 11311811

307 1166 421 1234 Caperes
441 1170 487 1219 aui
505 1167 600 1220 iustam
620 1172 668 1220 aut
686 1167 810 1236 lapidem.

171 1258 391 1340 Plesidippum
424 1279 458 1322 se
488 1260 537 1324 bis
566 1261 670 1343 posito
701 1267 756 1324 331
788 1261 892 1342 ipsum
926 1261 1083 1342 corrigere
1116 1267 1148 1327 et
1177 1263 1210 1326 in
1237 1263 1341 1344 lapide

169 1378 265 1441 quem
285 1363 445 1424 memorat
465 1361 622 1426 enuntiati
643 1381 804 1425 summam
826 1361 889 1424 vim
913 1381 1033 1443 ponere
1055 1363 1154 1426 exeis
1174 1383 1259 1446 quae
1277 1384 1341 1428 ser·

169 1479 228 1522 vus
250 1459 348 1522 refert
377 1460 481 1523 verbis
511 1461 767 1525 concludendum
798 1463 862 1525 est:
892 1462 1002 1541 Quid?
1031 1484 1084 1545 333
1114 1466 1339 1550 3333133333

171 1559 325 1622 bominem
346 1560 518 1624 insectarer
539 1561 700 1646 lapidibus
724 1562 979 1646 aequissimum?

212 1665 312 1729 Rud.
336 1667 416 1730 1138

316 1764 384 1827 Quid
404 1767 427 1819 si
446 1767 497 1820 ista
518 1773 565 1820 aut
584 1769 768 1837 superstitiosa
789 1774 835 1821 aut
853 1768 1000 1821 hariolast?

213 1860 332 1925 Truc.
353 1861 414 1924 118

223 1959 386 2029 Quemquam
407 1961 538 2013 hominem
557 1961 684 2028 attigerit,
703 1962 821 2029 profecto
840 1963 863 2013 ei
883 1966 929 2013 331
947 1962 1045 2014 3131313
1064 1966 1111 2015 331
1129 1962 1254 2015 damnum
1273 1964 1342 2016 dare.

257 2150 338 2231 511.
372 2151 434 2216 Sed
457 2158 513 2216 331
534 2151 723 2234 interposito
753 2171 817 2216 non
840 2153 943 2216 solum
968 2153 1094 2234 singula
1116 2153 1216 2217 verba
1246 2154 1342 2218 corri-

172 2254 293 2332 guntur
307 2252 358 2315 vel
373 2252 505 2333 singulis
521 2252 627 2317 verbis
644 2252 824 2317 distinctius
842 2253 1040 2334 exprimitur,
1063 2253 1150 2335 quod
1169 2253 1340 2318 dicendum

172 2356 236 2430 est,
270 2352 326 2416 sed
359 2353 577 2434 complura
611 2372 775 2435 quoque
805 2353 865 2416 ita
892 2354 1131 2432 variantur,
1165 2357 1209 2417 ut
1239 2354 1341 2418 idem

171 2472 321 2517 sensus
343 2453 576 2517 exoriatur.
628 2452 923 2517 praeclarissimum
947 2454 1042 2518 huius
1063 2473 1140 2518 usus
1161 2455 1341 2537 exemplum

171 2554 329 2634 praebent
619 2553 625 2564 ¹

213 2660 324 2740 Capi.
349 2659 410 2723 203
420 2679 489 2742 sqq.

311 2760 347 2812 at
365 2776 413 2813 nos
433 2760 525 2828 pudet,
544 2761 607 2828 quia
626 2777 684 2813 oum
704 2761 805 2812 eatenis
823 2775 923 2812 sumus.
942 2759 1029 2810 -At
1048 2760 1138 2827 pigeat
1156 2762 1250 2826 postea

313 2847 438 2900 Nostrum
457 2863 540 2914 erum,
558 2848 581 2900 si
600 2863 662 2900 suos
681 2848 779 2899 eximat
796 2847 910 2899 vinculis

310 2935 366 2986 Aut
385 2934 487 2987 solutos
507 2935 586 3000 sinat,
605 2950 671 3002 quos
690 2937 800 3002 argento
819 2935 911 2986 emerit

172 3029 198 3092 si
227 3027 387 3109 Spengelii
415 3028 609 3109 palmariam
639 3029 857 3092 coniecturam
884 3047 956 3091 suos
984 3047 1043 3108 pro
1074 3047 1128 3092 aes
1159 3028 1340 3111 recipimus,

172 3149 256 3210 3333
277 3131 310 3192 31
338 3132 475 3192 metrum
508 3133 601 3193 sanat
631 3133 663 3193 31
694 3149 767 3193 eum
795 3148 952 3192 conexum
975 3128 1127 3205 restituit,
1158 3149 1254 3210 quem
1285 3151 1342 3212 ego

171 3249 269 3293 sensu
291 3229 448 3309 postulari
465 3229 580 3294 iudico.
614 3229 780 3293 Habemus
798 3229 892 3305 enim,
917 3229 943 3292 si
959 3249 1012 3291 vos
1031 3229 1152 3291 insons
1169 3233 1343 3306 mutamus

171 3329 423 3412 parallelismum
452 3331 671 3394 membrorum
693 3330 888 3411 perfectum:
922 3332 991 3392 tota
1020 3329 1178 3393 sententia
1210 3332 1241 3394 si
1272 3350 1344 3394 suos

173 3432 289 3494 3313131
319 3431 456 3494 vinealis
488 3431 642 3511 repet'iur
674 3431 799 3494 variata
828 3433 946 3494 solutes
975 3429 1077 3505 sinat,
1109 3450 1185 3513 quos
1215 3439 1344 3515 arpenta

173 3531 280 3594 emerit
303 3530 357 3609 113,
380 3534 417 3594 31
439 3534 472 3595 31
492 3531 679 3612 praedicata
701 3533 817 3593 3313131
839 3531 975 3593 viriculis
998 3533 1098 3610 31333
1119 3532 1237 3595 solutos
1258 3535 1345 3598 31331

174 3636 204 3695 31
228 3632 354 3696 obiecta
383 3651 457 3695 eoos
486 3636 584 3713 atque
606 3651 682 3717 quos
707 3638 833 3714 arpenta
856 3631 965 3694 3133311
992 3630 1088 3711 plane
1118 3633 1343 3713 respondeant.

259 3737 376 3802 Similis
396 3738 559 3820 responsio
582 3738 664 3802 inest
685 3737 761 3802 Mil.
785 3758 814 3801 v.
837 3738 874 3800 11
888 3757 935 3818 sq.

310 3839 486 3891 Periuriorem
504 3840 554 3892 hoo
572 3839 703 3891 hominem
723 3839 746 3891 si
765 3839 824 3906 quis
843 3837 938 3889 viderit

312 3926 367 3978 Aut
385 3926 527 3993 gloriarum
548 3926 692 3994 pleniorem
712 3942 789 3994 311331
807 3925 863 3977 11113
882 3930 922 3977 est
940 3942 962 3978 e.
972 3942 996 3993 q.
1007 3942 1028 3978 s.

173 4019 229 4084 ubi
244 4023 277 4083 31
294 4020 506 4103 peritiriorem
522 4023 620 4101 31333
633 4021 812 4103 9133133313
819 4020 997 4101 pleniorem
1016 4022 1047 4082 et
1063 4018 1119 4081 boa
1135 4021 1233 4098 31333
1250 4039 1329 4102 quoa

173 4120 240 4185 iilic
262 4126 306 4183 ast
328 4120 416 4183 iuxta
431 4138 527 4206 pono.
559 4122 673 4202 Itaque
697 4120 761 4183 iam
783 4137 849 4183 non
870 4138 951 4200 opus
973 4118 1032 4182 erit
1048 4118 1327 4183 emendationibus
