3030 4838
653 355 692 366 -
735 322 776 385 38
819 356 858 365 ..

210 495 331 560 Poen.
357 496 494 580 1311sq.

308 602 383 655 Tune
402 603 445 656 hic
463 608 565 657 amator
583 604 665 657 audes
684 621 752 671 esse,
770 605 857 658 hallex
878 605 936 669 viri,

309 690 364 742 Aut
383 695 556 757 contrectare,
575 692 646 760 quod
664 708 749 745 mares
769 693 889 745 homines
908 690 1017 744 amant?

214 793 360 859 Pseud.
385 796 421 859 71

310 900 368 953 Nisi
388 901 539 969 quaemihi
558 901 585 952 in
603 904 656 953 test
675 906 722 953 aut
740 901 816 954 tibist
835 903 862 954 in
881 919 923 954 me
942 903 1022 955 salus.

210 1004 357 1069 Pseud.
382 1006 500 1087 11151]ο

311 1112 387 1165 Satin
406 1116 455 1176 est,
473 1112 495 1163 si
514 1111 583 1163 hanc
601 1111 679 1163 hodie
697 1111 832 1163 mulierem
852 1111 937 1164 efficio
957 1112 1014 1178 tibi,

311 1200 368 1252 Tua
386 1209 416 1250 ut
435 1200 478 1264 sit,
498 1202 544 1250 aut
562 1199 585 1250 si
603 1198 652 1250 tibi
671 1198 705 1249 do
724 1199 819 1266 viginti
837 1198 942 1251 minas?

168 1303 256 1386 quod
275 1307 449 1386 utrumque
470 1322 504 1366 re
526 1322 603 1366 vera
623 1302 709 1366 idem
732 1307 787 1382 est,
811 1323 886 1367 nam
909 1305 935 1367 si
957 1304 1066 1384 viginti
1092 1304 1198 1367 minae
1214 1304 1343 1386 adsunt,

169 1403 282 1468 mulier
304 1423 436 1486 quoque
460 1403 651 1486 paulopost
675 1403 788 1467 aderit.

209 1510 357 1574 Pseud.
380 1511 501 1593 539sq.

310 1609 378 1672 Quid
398 1611 420 1663 si
440 1610 513 1663 hisce
532 1610 602 1662 inter
621 1626 650 1662 se
668 1614 869 1674 consenserunt,
887 1609 1018 1678 Callipho,

310 1698 365 1750 hut
385 1698 418 1749 de
436 1701 563 1766 conpecto
582 1697 684 1750 faciunt
703 1699 821 1750 consutis
841 1697 918 1749 dolis.

213 1790 358 1855 Pseud.
381 1790 443 1855 543
462 1809 509 1872 sq.

311 1890 339 1944 Si
359 1905 449 1942 sumus
467 1890 587 1958 conpecti
607 1906 655 1941 seu
673 1890 812 1942 consilium
832 1906 957 1958 umquam
976 1889 1093 1954 iniimus,

311 1978 366 2030 hut
385 1978 408 2029 si
428 1976 460 2028 de
479 1992 511 2029 ea
529 1992 557 2028 re
574 1992 698 2045 umquam
718 1977 854 2030 internos
874 1977 1045 2030 convenimus
1063 1993 1085 2028 e.
1096 1993 1119 2044 q.
1131 1993 1152 2029 s.

211 2070 313 2134 Rud.
336 2069 475 2151 llhsqq.

312 2170 480 2223 Peculiosum
499 2185 557 2223 esse
576 2170 686 2223 addecet
704 2187 805 2224 servom
825 2175 851 2222 et
870 2169 990 2238 probum,

310 2256 392 2319 Quem
413 2274 457 2310 ero
476 2263 616 2326 praesente
635 2262 784 2326 praetereat
803 2259 887 2310 oratio

314 2345 369 2397 hut
389 2345 434 2412 qui
452 2345 624 2397 inclementer
641 2345 712 2398 dicat
731 2346 831 2397 homini
850 2346 948 2410 liber03

176 2441 214 2501 ut
235 2436 394 2500 secundus
422 2455 533 2500 versus
560 2440 730 2518 corruptus
756 2437 812 2514 sil,
845 2437 993 2501 Schoellii
1023 2437 1207 2502 coniectura
1235 2443 1270 2500 ut
1291 2438 1345 2521 qui

171 2556 415 2620 supervacanea
437 2541 494 2615 est,
516 2556 592 2600 nam
615 2537 745 2601 arethic
767 2557 825 2601 suo
848 2538 918 2602 loco
941 2541 1015 2602 stat.

212 2643 312 2707 Rud.
333 2643 392 2707 987
406 2663 453 2725 sq.

311 2743 363 2796 Sed
381 2747 411 2795 tu
430 2759 588 2810 enumquam
608 2744 765 2811 piscatorem
785 2743 883 2810 vidisti,
903 2743 1027 2810 venefico,

313 2828 440 2882 Vidulum
459 2829 558 2898 piscem
578 2830 680 2898 cepisse
699 2835 745 2882 aut
762 2830 905 2898 protulisse
923 2831 1008 2883 ullum
1027 2831 1055 2882 in
1073 2829 1179 2883 lorum?

254 3017 273 3101 ξ
295 3016 342 3083 12.
378 3018 537 3083 Cohaeret
560 3038 636 3083 cum
659 3019 890 3099 significatione
911 3019 1099 3100 corrigendi,
1127 3021 1167 3085 de
1190 3041 1256 3103 qua
1279 3022 1343 3087 iam

172 3118 296 3201 loquor,
320 3119 347 3182 is
368 3139 498 3201 quoque
517 3139 602 3195 usne,
625 3139 689 3201 quo
709 3123 804 3201 post
825 3139 945 3184 unum
969 3121 1199 3203 exemplum
1220 3123 1271 3186 vel
1293 3144 1344 3187 ar·

173 3223 362 3300 gumentum
392 3219 437 3284 rei
468 3218 634 3283 cuiusdam
664 3219 887 3300 explanandae
916 3241 1013 3285 causa
1043 3220 1176 3285 allatum
1205 3223 1343 3288 inter·

172 3318 284 3384 iectu
306 3326 376 3384 aut
397 3319 578 3383 alterum
602 3319 790 3401 additur,
812 3321 868 3384 ubi
884 3340 942 3384 nos
960 3320 1094 3385 dicimus
1110 3324 1208 3400 „oder
1223 3344 1279 3388 um
1294 3325 1344 3388 ein

172 3420 310 3484 anderes
329 3419 473 3501 Beispiel‚
497 3419 589 3483 einen
612 3420 753 3484 anderen
776 3420 844 3484 Fall
865 3421 1093 3484 anzufiihren.“

254 3520 394 3602 Amph.
410 3521 473 3584 984
481 3540 553 3602 sqq.
583 3520 757 3584 Mercurius
775 3540 895 3600 magna
914 3540 993 3584 voce
1008 3521 1158 3603 postulat,
1182 3527 1218 3587 ut
1235 3544 1346 3590 omnes

172 3619 232 3685 sihi
258 3640 275 3684 e
297 3620 349 3684 via
371 3620 542 3696 decedant3
573 3621 633 3683 sibi
664 3620 777 3684 eodem
805 3621 903 3685 modo
933 3621 1027 3684 licere
1055 3622 1176 3705 populo
1205 3625 1345 3691 minitari

174 3740 272 3803 quam
296 3740 388 3785 servo
410 3720 443 3784 in
465 3720 638 3784 comoediis

324 3820 371 3873 llle
390 3836 484 3873 navem
503 3820 602 3873 salvam
620 3821 728 3872 nuntiat
747 3824 793 3872 aut
811 3820 872 3872 irati
892 3820 1035 3873 adventum
1052 3822 1131 3874 senis.

325 3907 379 3974 Ego
400 3923 457 3958 sum
477 3907 531 3959 lovi
552 3907 622 3959 dicto
642 3907 752 3958 audiens
772 3922 795 3958 e.
807 3923 830 3974 q.
842 3923 863 3959 s,

172 3998 228 4062 uhi
257 3999 337 4063 lalso
360 3999 499 4081 Pylades
521 4000 628 4063 nescio
660 4019 726 4081 qua
749 3999 789 4062 de
811 4019 909 4063 causa
930 4020 989 4081 pro
1012 4007 1067 4064 aut
1094 4004 1261 4083 supposuit
1283 4009 1347 4080 cel;

172 4100 260 4181 quod
282 4118 347 4163 non
369 4100 502 4178 fecisset,
525 4101 551 4163 si
573 4099 758 4163 Plautinum
782 4105 887 4164 nosset
910 4121 1004 4164 usum
1027 4102 1163 4166 dicendi.
