3030 4838
656 287 698 297 -
736 253 778 316 44
820 288 857 298 -

218 427 361 492 Pseud.
382 431 443 494 963

311 527 376 591 Quis
395 531 438 582 hic
457 531 534 584 homo
551 531 735 601 chlamydatus
749 530 809 584 esti
828 533 882 584 Aut
895 530 1013 586 undeet?
1034 531 1087 584 dut
1101 548 1178 600 quem
1193 536 1349 602 quaeritat?

215 620 313 686 Rud.
341 623 461 705 tildsq.

623 723 675 777 Sed
695 741 741 778 eae
759 725 883 777 mulieres

315 810 387 873 Quae
405 810 487 864 sunt?
522 811 578 863 Aut
596 811 659 880 quid
677 813 701 864 is
720 811 805 880 iniqui
823 810 872 865 fit?

217 904 319 968 Rud.
345 905 481 986 1184sq.

312 1005 418 1058 Summe
436 1021 484 1072 ego
501 1005 638 1069 scelestus,
656 1005 702 1073 qui
721 1004 804 1057 illunc
824 1004 902 1057 hodie
922 1004 1014 1073 excepi
1033 1005 1174 1058 vidulum?

313 1093 368 1144 Aut
386 1108 464 1160 quom
484 1092 584 1160 excepi,
604 1092 648 1160 qui
665 1107 720 1144 non
737 1090 835 1144 alicubi
854 1092 882 1143 in
901 1092 957 1144 solo
977 1093 1094 1144 abstrusi
1112 1093 1192 1147 loco?

216 1184 341 1248 Stich.
366 1184 427 1248 243

311 1284 352 1336 Eu
368 1287 471 1337 ecastor
489 1283 536 1336 risi
554 1288 581 1336 te
599 1283 678 1336 hodie
697 1283 828 1336 multum?
848 1313 880 1322 -
899 1283 1030 1346 Quando?
1073 1286 1128 1338 Aut
1146 1303 1198 1355 quo
1221 1288 1251 1340 in
1270 1288 1349 1342 loco?

215 1378 323 1442 Trin.
346 1376 406 1441 608

310 1477 394 1541 Quam
414 1477 513 1529 dudum
531 1476 620 1530 istuc?
656 1477 711 1530 Aut
729 1477 776 1530 ubi
794 1476 928 1530 actumst?

215 1572 324 1637 Trin.
346 1572 408 1636 879

311 1671 380 1734 Quid
399 1686 443 1724 cos
463 1669 588 1739 quaeris?
616 1670 670 1722 Aut
689 1670 748 1738 quis
767 1669 815 1723 es?
842 1671 897 1722 Aut
909 1670 1024 1724 unde’s?
1051 1673 1106 1725 Aut
1125 1673 1196 1726 unde
1215 1674 1347 1728 advenis?

216 1765 333 1830 Truc.
353 1765 413 1829 775

308 1866 383 1933 Egon
401 1865 449 1917 tihi
469 1864 537 1916 male
556 1862 662 1916 dicam?
696 1863 751 1914 Aut
768 1863 817 1916 tibi
829 1862 953 1928 ††male
973 1863 1069 1917 velim?

177 1977 378 2042 quamquam
399 1957 501 2034 dolet,
527 1957 614 2039 quod
637 1974 748 2019 versus
770 1959 940 2037 corruptus
962 1961 1025 2034 est,
1049 1961 1158 2022 tamen
1181 1959 1244 2023 hoc
1265 1960 1346 2025 ferre

175 2059 271 2137 malo,
294 2077 393 2141 quam
407 2057 524 2121 Leonis
546 2056 763 2121 coniecturam
785 2055 880 2120 nimis
900 2075 1049 2138 asperam
1070 2062 1170 2141 atque
1187 2060 1345 2125 hirsutam

175 2159 403 2241 comprobare:

309 2259 384 2325 Egon
402 2259 452 2310 tihi
471 2257 538 2309 male
557 2257 643 2310 dicam
662 2257 764 2324 tibique
783 2260 828 2307 aut
848 2256 915 2308 male
934 2256 1033 2309 velim?

175 2352 259 2416 Num
281 2351 358 2416 talia
381 2351 514 2415 Plautus
536 2349 709 2427 admiserit,
733 2348 827 2413 valde
848 2349 970 2413 dubito.

253 2505 340 2587 517.
372 2507 505 2583 Restat,
536 2509 572 2569 ut
594 2505 832 2570 sententias
860 2505 1070 2570 indirecte
1098 2506 1342 2588 interroga·

129 2647 130 2651 =
172 2610 281 2673 liras
303 2607 461 2688 colligam,
484 2625 569 2689 quae
590 2612 646 2670 aut
667 2606 833 2670 interiecto
857 2607 1048 2671 coniunctae
1070 2611 1155 2672 sunt.

210 2715 350 2797 Amph.
373 2715 434 2779 346

321 2814 431 2867 Possum
449 2815 525 2880 scire,
544 2831 595 2883 quo
615 2815 749 2884 profectus
770 2815 865 2882 quoius
884 2814 921 2867 sis
941 2817 987 2866 aut
1006 2814 1069 2882 quid
1089 2813 1213 2867 veneris?

212 2909 297 2974 Aul.
322 2907 438 2988 lldsq.

153 3045 158 3055 ·
268 3009 373 3073 Nescio,
392 3007 428 3059 nil
448 3006 533 3074 video,
552 3023 647 3060 caecus
664 3024 694 3061 eo
714 3012 792 3075 atque
811 3008 931 3076 equidem
953 3025 1004 3077 quo
1024 3024 1081 3060 eam
1100 3011 1147 3060 aut
1164 3008 1210 3060 ubi
1230 3007 1279 3060 sim
1299 3013 1345 3061 aut

1159 3110 1204 3163 qur
1223 3110 1273 3147 sim

322 3182 431 3250 Nequeo
450 3199 509 3236 cum
531 3183 618 3236 animo
638 3186 738 3236 certum
757 3183 925 3251 investigare.

210 3277 353 3342 Bacch.
375 3276 434 3340 491

319 3376 395 3430 Satin
412 3379 443 3428 ut
463 3392 538 3444 quem
558 3378 588 3428 tu
606 3375 705 3428 habeas
723 3375 828 3427 fidelem
847 3375 897 3428 tibi
916 3375 964 3427 aut
982 3375 1045 3442 quoi
1065 3374 1157 3427 credas
1175 3375 1300 3429 nescias?

211 3468 306 3533 Cist.
330 3470 445 3552 168sq.

393 3569 439 3622 llle
459 3568 525 3621 clam
545 3568 694 3620 observarit
713 3583 812 3632 servos,

391 3655 447 3718 Quo
467 3659 514 3708 aut
533 3670 598 3723 quas
617 3655 646 3706 in
665 3654 738 3707 aedis
758 3655 824 3707 haec
843 3655 958 3723 puellam
977 3655 1086 3709 deterat.

207 3749 233 3812 Ε
272 3749 320 3813 id.
344 3750 405 3814 536
463 3772 465 3777 ·

193 3769 321 3902 Pergam
342 3850 488 3902 mercedem
507 3849 578 3913 dare,
598 3849 643 3916 qui
662 3853 790 3902 monstret
809 3866 868 3901 eum
887 3849 922 3900 mi
941 3850 1073 3903 hominem
1092 3855 1139 3904 aut
1157 3851 1204 3903 ubi
1223 3851 1325 3904 habitet
1332 3870 1340 3915 3

168 3941 223 4005 ubi
240 3942 399 4007 Beckerus
417 3946 526 4007 catut
546 3941 657 4006 durius
676 3942 782 4006 delere
799 3947 856 4006 aut
875 3943 907 4006 in
927 3943 978 4006 hic
993 3948 1120 4009 mutare
1134 3945 1211 4008 vult.
1245 3944 1340 4024 Quod

169 4048 281 4106 contra
298 4043 483 4108 Plautinum
499 4062 593 4107 usum
613 4042 803 4124 suspicatur,
824 4062 900 4107 nam
917 4044 1054 4108 eandem
1071 4046 1243 4110 verborum
1263 4065 1339 4112 con-
