3030 4838
657 338 862 404 ..50-

176 532 207 593 p.
230 512 291 577 268
321 509 395 592 ,tdie
416 508 541 591 Worte)
571 511 621 575 vel
651 511 729 575 mihi
759 513 970 580 denumerato
998 536 1097 597 sagen
1127 517 1234 585 nicht:
1266 521 1345 586 oder

176 611 248 692 gieb
270 629 304 674 es
325 611 396 688 mir,
417 611 500 674 auch
523 610 632 674 nicht:
663 612 894 696 meinetwegen
917 615 990 696 gieb
1012 636 1046 680 es
1075 617 1154 681 aber
1174 620 1258 683 auch
1283 623 1345 685 mir

175 746 216 755 —
237 710 376 774 sondern
408 711 512 774 lassen
542 710 610 775 sich
633 712 878 779 umschreibcn:
909 716 1008 793 dazu,
1039 716 1113 781 dass
1136 719 1193 782 der
1215 720 1343 785 danista

176 809 344 890 (vielmehr
363 809 464 889 Simo)
493 809 552 874 das
580 810 661 875 Geld
689 811 871 893 bekommt,
901 815 963 878 will
994 816 1045 879 ich
1075 816 1144 895 dir,
1175 837 1270 882 wenn
1301 820 1343 883 du

174 910 284 988 willst‚
315 910 457 991 zugleich
480 910 626 975 dadurch
649 930 702 975 am
722 912 909 978 leichtesten
932 915 1109 994 verhelten,
1140 918 1215 982 dass
1236 918 1288 982 ich
1311 938 1344 982 es

174 1028 216 1073 an
238 1009 325 1074 mich
349 1009 476 1086 nehme‚
496 1028 551 1073 um
575 1028 609 1072 es
630 1009 697 1073 ihm
723 1010 810 1075 dann
827 1013 937 1077 weiter
959 1015 1170 1080 abzulielem'.
1203 1016 1254 1081 Ob
1277 1037 1343 1082 nun

170 1109 302 1190 jemand
325 1109 431 1186 weiss,
463 1128 530 1172 was
560 1109 645 1173 nach
666 1110 780 1174 Mfiller
810 1111 859 1176 vel
881 1113 951 1177 hier
981 1114 1151 1193 bedentet,
1181 1116 1344 1181 bezweille

173 1208 225 1274 ich
247 1207 350 1272 sehr.“
383 1207 477 1285 Quod
492 1208 664 1289 Langenus
685 1229 719 1274 se
741 1210 924 1294 intellegere
946 1213 1024 1294 quid
1045 1213 1215 1279 Muellerus
1238 1216 1343 1281 dicere

172 1309 309 1373 voluerit
342 1314 456 1390 negat,
489 1309 584 1373 valde
617 1309 719 1373 doleo.
764 1312 832 1391 Ego
862 1317 946 1376 certe
976 1313 1117 1378 Muelleri
1149 1317 1340 1381 sententiam

173 1408 322 1491 intellego
345 1414 376 1474 et
399 1409 583 1492 comprobo.
623 1409 787 1489 Significat
809 1412 895 1476 enirn
917 1415 962 1477 vel
984 1413 1045 1478 hoc
1066 1414 1137 1479 loco
1157 1416 1237 1480 nihil
1256 1417 1341 1481 aliud

173 1512 272 1591 atque
295 1506 425 1590 „wolle“
449 1506 515 1572 sive
538 1526 652 1586 „wenn
675 1509 720 1572 du
742 1509 866 1574 willst“.
904 1510 1025 1576 Tranio
1047 1512 1129 1577 illius
1146 1515 1341 1595 sagacitatis,

173 1629 272 1692 quam
296 1628 421 1672 servom
448 1608 481 1671 in
512 1607 686 1671 comoediis
707 1612 873 1689 praestare
894 1609 1036 1675 ridentes
1065 1613 1260 1693 gaudemuS,
1302 1634 1342 1678 ne

173 1709 226 1773 hit
248 1708 379 1791 quidem
401 1708 552 1783 haberet,
586 1709 612 1770 si
636 1728 707 1786 ero,
739 1709 793 1790 qui
827 1729 954 1773 summo
977 1711 1045 1774 iure
1067 1711 1098 1774 in
1121 1712 1189 1775 eius
1210 1715 1342 1779 consilia

172 1809 312 1873 maxime
333 1807 526 1889 suspiciosus
547 1812 604 1884 est,
625 1807 848 1888 responderet:
874 1807 980 1890 ,Oder
1002 1809 1165 1888 vielmehr‚
1188 1813 1261 1892 gleb
1281 1815 1342 1878 mir

173 1909 232 1972 das
250 1907 338 1985 Geld,
360 1906 411 1970 ich
428 1906 489 1970 will
506 1927 540 1970 es
561 1906 627 1986 ihm
651 1906 783 1986 geben.“
814 1908 917 1970 lmmo
931 1928 1008 1972 vero
1024 1913 1189 1973 strenuum
1213 1930 1338 1976 servom

172 2008 253 2087 gerit
274 2011 371 2088 atque
393 2006 523 2070 simulat
544 2026 578 2070 se
599 2007 643 2070 eri
663 2007 828 2070 consilium
845 2009 1058 2090 comprobare
1079 2013 1112 2073 et
1132 2029 1171 2073 ea
1194 2029 1228 2074 re
1248 2012 1340 2076 adiu·

171 2110 280 2170 turum
305 2125 382 2185 esse,
404 2108 441 2169 ut
462 2105 530 2187 ipse
548 2104 695 2169 danistae
710 2110 880 2186 argentum
896 2107 1014 2171 tradat.
1046 2108 1155 2190 ltaque
1169 2109 1340 2176 Tranionis

172 2225 360 2287 responsum
389 2206 434 2269 sic
456 2206 521 2270 fere
542 2205 725 2286 germanice
755 2207 944 2271 vertendum
976 2211 1038 2272 est:
1073 2207 1135 2288 ,So
1161 2207 1217 2273 ists
1239 2211 1338 2287 recht,

171 2306 259 2370 dann
291 2306 331 2370 ist
358 2305 435 2369 alles
455 2306 488 2369 in
510 2305 676 2386 Ordnung.
722 2304 772 2369 Du
794 2306 948 2370 hrauchst
969 2307 1140 2388 dbrigenS‚
1173 2329 1267 2373 wenn
1291 2311 1340 2373 dir

172 2406 230 2470 das
252 2406 343 2470 recht
365 2405 414 2484 ist,
435 2424 498 2469 nur
519 2405 580 2469 mir
602 2405 660 2469 das
682 2405 762 2469 Geld
783 2425 820 2469 zu
843 2405 965 2487 geben“
988 2427 1014 2471 e.
1028 2428 1058 2489 q.
1071 2428 1094 2470 s.

254 2536 275 2616 ὅ
296 2534 329 2601 2.
362 2537 444 2602 Cum
466 2535 505 2613 ei,
528 2555 609 2617 quos
629 2536 694 2600 iam
712 2536 818 2615 citavi,
841 2556 951 2602 versus
965 2557 1083 2620 purum
1102 2543 1201 2621 atque
1221 2544 1337 2621 putum

172 2636 397 2718 imperativum
430 2635 479 2700 cel
511 2636 605 2700 nobis
632 2636 845 2715 servaverint,
876 2657 915 2702 ex
945 2638 1057 2702 ceteris
1076 2639 1230 2720 exemplis
1251 2640 1339 2704 colli·

172 2736 312 2818 gendum
351 2740 402 2800 est
439 2735 597 2817 paulatim
629 2740 661 2799 et
694 2736 855 2816 gradatim
896 2737 1033 2818 primam
1064 2738 1152 2801 vocis
1180 2737 1337 2818 originem

172 2837 391 2900 oblitteratam
412 2838 445 2899 et
466 2837 533 2899 eius
553 2835 617 2898 vim
641 2835 758 2899 sensim
781 2839 940 2900 mutatam
965 2857 1041 2902 esse.
1074 2836 1232 2901 Oriuntur
1252 2838 1336 2901 enim

171 2958 211 3001 ex
238 2937 344 3019 prima
376 2935 608 3016 significatione
637 2933 768 3015 ,wolle“
798 2939 880 3003 tres.
911 2941 947 3000 ut
967 2937 1014 3000 ita
1045 2937 1169 3014 dicam,
1199 2937 1338 3001 notionis

171 3037 293 3101 colores
321 3034 372 3117 nl)
398 3055 492 3100 wenn
523 3036 567 3099 du
588 3036 699 3113 willst‚
729 3036 977 3119 meinetwegen,
1006 3036 1038 3116 ἓ)
1067 3037 1146 3101 oder
1167 3056 1263 3100 wenn
1294 3037 1337 3101 du

170 3136 283 3214 willst‚
312 3137 344 3217 3)
363 3155 458 3201 wenn
482 3136 525 3200 du
544 3134 641 3199 willst
661 3135 787 3216 sogar“,
816 3135 862 3200 ita
882 3141 992 3200 tamen
1014 3140 1051 3200 ut
1072 3155 1199 3218 semper
1220 3155 1337 3218 prope·

170 3238 302 3301 modum
331 3236 437 3317 prima
464 3234 655 3316 significatio
686 3235 910 3299 subaudienda
939 3236 989 3299 sit.
1031 3236 1109 3299 Eam
1129 3235 1215 3299 enim
1236 3236 1337 3317 parti·

171 3337 261 3400 culae
290 3334 537 3416 proprietatem,
576 3334 664 3415 quod
695 3336 743 3399 vel
771 3335 882 3398 addito
904 3335 947 3398 ad
976 3334 1144 3398 arbitrium
1168 3334 1252 3414 eius,
1281 3334 1335 3417 qui

170 3434 361 3518 appellatur,
378 3432 555 3515 respicitur,
577 3451 683 3496 sermo
699 3434 818 3498 latinus
832 3434 951 3497 multos
963 3437 1037 3515 post
1051 3433 1157 3497 Plauti
1172 3434 1335 3499 saeculum

170 3555 272 3599 annos
301 3533 451 3598 servavit.
501 3531 696 3613 Plerumque
717 3533 815 3614 igitur
836 3533 868 3596 in
897 3532 1003 3597 Plauti
1035 3533 1208 3598 comoediis
1236 3533 1263 3597 si
1290 3533 1336 3597 vel

169 3634 342 3699 adhibetur
372 3632 586 3698 enuntiati
621 3633 854 3697 subiectum
876 3630 1029 3712 {altera
1068 3653 1250 3715 persona
1279 3636 1336 3697 aut

169 3739 217 3800 est
245 3738 302 3799 aut
329 3732 422 3798 facile
449 3732 527 3813 fingi
553 3736 666 3813 potest.
708 3732 803 3810 Quod
825 3753 863 3796 ca
889 3751 924 3796 re
952 3733 1118 3814 praeclare
1147 3733 1334 3814 explicatur,

168 3834 194 3899 si
215 3836 263 3900 vel
280 3853 409 3916 quoque
423 3833 559 3897 alteram
574 3851 747 3913 personam
766 3852 834 3897 esse
849 3832 1016 3914 ponimus;
1036 3831 1145 3914 itaque
1163 3851 1211 3909 ea,
1234 3850 1333 3914 quam

169 3933 401 4012 contendimus
425 3930 584 3994 sententia
606 3930 668 3994 hoc
689 3951 749 3996 usu
770 3931 1009 4013 comprobatur.

250 4030 398 4095 Ceterum
421 4031 605 4092 memoratu
635 4029 769 4111 dignum
800 4032 848 4093 cst
869 4028 958 4093 haud
985 4046 1059 4092 raro
1091 4029 1139 4091 vel
1166 4045 1201 4090 sc
1227 4025 1271 4090 ad
1300 4032 1333 4088 tu

167 4129 348 4211 applicare3
370 4127 504 4209 legimus
525 4126 612 4190 enim
627 4129 674 4191 vel
689 4134 724 4191 tu
738 4126 833 4191 Merc.
849 4128 926 4203 3103
949 4125 1034 4189 Rud.
1051 4125 1122 4201 430,
1144 4124 1222 4200 5823
1245 4124 1331 4187 Pers.

167 4228 244 4303 3983
277 4227 314 4291 cs.
335 4229 485 4292 Lucanus
507 4225 548 4289 Vl
569 4225 631 4288 599
651 4226 700 4288 oct
720 4228 771 4303 tc,
793 4224 910 4306 Vergili
931 4242 1061 4288 versum
1081 4241 1180 4304 supra
1200 4242 1232 4303 p.
1257 4222 1332 4285 ret
