3030 4838
659 308 700 317 ..
743 275 783 338 35
825 309 866 319 -

211 446 340 513 Stich.
364 447 423 511 769

311 552 361 615 Qui
381 554 487 606 lonicus
506 559 552 607 aut
571 556 744 626 cinaedieust,
762 560 806 628 qui
825 560 875 613 hoc
893 559 946 612 tale
965 560 1051 612 facere
1068 559 1190 628 possiet?

210 657 322 722 Trin.
344 659 385 722 89

311 764 403 818 Haben
426 770 456 816 tu
475 767 586 819 amicum
607 772 653 819 aut
672 769 827 821 familiarem
848 769 1018 838 quempiam?

210 869 323 933 Trin.
347 871 388 934 95

311 975 339 1028 Si
358 975 419 1042 quid
440 976 492 1027 scis
511 992 552 1028 me
571 977 665 1030 iecisse
683 979 778 1030 inscite
797 982 843 1030 aut
862 979 981 1048 improbe
1001 995 1022 1032 e.
1034 996 1058 1048 q.
1069 995 1089 1032 s.

209 1080 322 1145 Trin.
348 1081 407 1144 130

309 1187 376 1250 Quid
397 1203 473 1239 secus
493 1190 532 1239 cst
552 1192 598 1239 aut
616 1188 680 1256 quid
699 1190 810 1241 interest
828 1206 850 1242 e.
863 1207 886 1258 q.
898 1207 918 1243 s.

208 1294 321 1357 Trin.
343 1293 467 1373 454sq.

308 1399 385 1453 Satin
402 1397 454 1451 tu's
474 1414 555 1451 sanus
574 1401 669 1453 mentis
689 1405 735 1453 aut
754 1401 835 1453 animi
853 1401 891 1452 tui

309 1486 360 1549 Qui
379 1486 560 1538 condicionem
579 1487 648 1539 hanc
666 1487 810 1555 repudies?

209 1593 317 1657 Trin.
341 1591 402 1655 698
418 1611 464 1673 sq.

575 1693 603 1745 Si
621 1694 650 1745 in
668 1709 721 1744 rem
742 1696 823 1758 tuam,

311 1780 466 1846 Lesbonico,
485 1798 543 1834 esse
561 1781 690 1846 videatur,
711 1780 810 1847 gloriae
829 1783 875 1831 aut
893 1780 987 1845 lamae,
1006 1780 1100 1832 sinam.

208 1886 235 1948 T
244 1885 318 1949 rin.
343 1885 402 1949 709

311 1984 379 2047 Quid
399 1986 447 2036 tibi
467 1985 648 2053 interpellatio
668 1987 759 2038 autin
778 1987 918 2039 eonsilium
938 1987 989 2039 lruc
1009 1986 1173 2040 accessiost?

209 2079 320 2143 Trin.
345 2080 424 2143 1005

306 2179 364 2232 Nisi
384 2181 428 2247 qui
448 2178 513 2230 illud
533 2183 631 2231 tractat
650 2182 808 2244 ammovet,
828 2181 964 2243 mutumst,
984 2183 1062 2232 tacet.

207 2273 318 2338 Trin.
344 2272 423 2336 1198

306 2372 400 2440 Siquid
419 2372 531 2424 amicum
551 2388 614 2441 erga
633 2374 699 2426 bene
719 2373 769 2425 leci
788 2378 834 2424 aut
853 2373 974 2426 consului
994 2372 1108 2425 fideliter
1126 2389 1148 2425 e.
1159 2388 1183 2440 q.
1195 2388 1216 2424 s.

209 2467 325 2531 Truc.
350 2467 403 2529 1111
424 2485 470 2546 sq.

308 2566 351 2617 An
367 2570 397 2617 tu
415 2571 441 2617 te
461 2565 571 2618 Veneris
590 2565 726 2632 publicum
746 2572 792 2618 aut
811 2567 915 2618 Amoris
934 2566 987 2619 alia
1006 2566 1063 2633 lege

308 2652 410 2705 Habere
429 2668 508 2720 posse
526 2652 655 2719 postulas,
673 2653 736 2720 quin
756 2654 857 2705 otiosus
874 2652 943 2705 lias?

209 2746 325 2810 Truc.
348 2746 409 2809 959

307 2844 375 2907 Quid
396 2846 445 2897 tibi
465 2846 498 2897 ad
519 2847 599 2899 hasce
621 2846 737 2898 accessio
756 2844 829 2896 aedis
849 2848 889 2896 est
909 2861 992 2914 prope
1011 2850 1057 2898 eut
1078 2845 1210 2913 pultatioi

209 2939 326 3003 Truc.
350 2939 410 3002 373
426 2957 473 3019 sq.

680 3036 727 3089 Em
746 3038 814 3090 istoc
833 3055 997 3106 pauperes:

308 3123 371 3176 Plus
392 3123 525 3191 pollicere,
544 3140 621 3193 quam
642 3125 689 3177 abs
708 3128 734 3176 te
753 3140 833 3192 posco
853 3129 900 3177 aut
919 3125 1032 3193 postulo.

209 3217 326 3298 Tlruc.
349 3218 410 3282 699
427 3237 473 3298 sq.

310 3317 401 3385 Neque
420 3322 512 3370 natust
530 3333 615 3385 neque
635 3317 808 3384 progignetur
826 3332 911 3384 neque
931 3320 1020 3384 potest
1038 3318 1186 3385 reperirier,

307 3403 374 3466 Quoi
395 3421 443 3471 ego
462 3421 533 3457 nunc
552 3404 651 3456 dictum
672 3407 719 3455 out
737 3403 834 3455 factum
855 3403 949 3455 melius
966 3420 1043 3471 quam
1060 3421 1132 3456 meae
1143 3404 1239 3456 Veneri
1254 3405 1340 3457 velim.

208 3498 323 3562 Truc.
345 3499 407 3562 930

305 3596 365 3662 Qui,
385 3598 490 3663 malum,
510 3597 579 3649 bella
597 3601 643 3649 aut
663 3596 779 3662 laceta’S‚
799 3613 866 3664 quae
886 3612 957 3648 ames
976 3597 1107 3648 homiuem
1126 3597 1170 3649 isti
1191 3595 1282 3648 modii

255 3761 346 3845 §lo
382 3764 500 3828 Eodem
529 3783 663 3827 munere
693 3769 749 3825 eut
776 3767 844 3826 tum
876 3782 1005 3844 quoque
1033 3762 1121 3842 fungi
1147 3766 1285 3843 postest,
1316 3762 1340 3824 si

168 3864 229 3927 bis
250 3865 434 3945 ponitur,

207 3971 285 4035 Mil.
308 3973 370 4036 880

306 4072 334 4124 81
354 4088 384 4124 ea
404 4072 432 4122 in
450 4071 575 4138 opificina
593 4071 709 4121 nesciam
730 4073 775 4120 aut
796 4070 863 4120 mala
883 4086 940 4122 esse
960 4078 1006 4124 aut
1024 4074 1201 4125 fraudulenta.

1059 4178 1062 4184 ,
1139 4165 1171 4216 3*
