3030 4838
739 266 945 330 ..28-

290 442 378 506 Cas.
401 441 462 506 900
481 463 528 526 sq.
654 461 676 511 ei
696 460 767 512 haud
787 461 956 525 commodem,

350 540 419 603 Quin
439 543 494 596 viro
514 548 560 596 aut
579 546 719 598 subtrahat
738 551 784 599 aut
803 551 896 614 stupro
916 547 1054 599 invenerit.

289 633 375 697 Cas
399 636 459 698 337

352 732 416 795 Quis
437 735 500 787 mihi
521 736 660 790 subveniet
678 741 753 805 tergo
774 742 820 790 aut
839 738 920 806 capiti
939 741 986 790 aut
1005 733 1146 789 eruribus?

290 826 375 892 Cas,
399 829 460 893 384

352 927 422 979 Num
440 929 492 980 ista
510 932 557 980 aut
574 929 709 997 populnea
728 945 784 982 sors
804 933 850 981 aut
869 929 1008 997 abiegnast
1027 927 1094 981 tua?

288 1019 402 1083 Cure.
425 1021 487 1084 989

353 1119 469 1189 Nequem
489 1121 518 1172 in
537 1137 617 1173 eursu
633 1123 720 1190 eapite
740 1124 786 1173 aut
805 1120 894 1173 cubito
915 1124 961 1172 aut
980 1122 1086 1187 pectore
1106 1118 1235 1171 offendam
1255 1121 1301 1171 aut
1320 1135 1400 1186 genu.

290 1212 401 1294 Epid.
425 1213 486 1278 999
500 1233 569 1295 sqq.

353 1311 421 1374 Quid
442 1312 510 1365 istae
530 1328 597 1381 quae
616 1313 700 1364 vestei
720 1312 862 1381 quotannis
880 1312 989 1364 nomina
1010 1311 1150 1363 inveniunt
1167 1310 1258 1363 nova?

353 1399 481 1451 Tunicam
499 1398 601 1464 nattam,
619 1400 735 1450 tunicam
755 1398 877 1466 spissam,
896 1397 1033 1450 linteolum
1053 1397 1203 1462 oaesieium,

351 1484 524 1549 Indusiatam‚
543 1485 714 1552 patagiatam,
734 1484 859 1536 oaltutam
878 1488 924 1536 aut
945 1482 1115 1549 crocotulam,

353 1570 504 1639 Supparum
522 1575 569 1623 aut
589 1571 756 1634 subminiam‚
776 1571 865 1636 risam,
886 1569 1024 1622 basilicum
1044 1573 1090 1621 aut
1110 1570 1251 1634 exotioum,

354 1655 482 1708 Gumatile
502 1661 548 1708 aut
567 1656 713 1724 plumatiis,
732 1657 850 1708 carinum
870 1660 915 1708 aut
935 1656 1068 1723 gerrinum
1088 1671 1110 1708 e.
1121 1672 1145 1724 q.
1157 1672 1177 1708 s.

290 1749 385 1812 Men.
409 1750 450 1813 84
467 1769 537 1830 sqq.
560 1750 669 1814 traditi
692 1754 768 1813 sunt
789 1750 851 1812 hoc
874 1749 986 1813 modo:

353 1848 418 1900 Nam
438 1864 466 1900 se
486 1865 517 1900 ex
537 1851 637 1902 eatenis
657 1850 776 1901 eximunt
794 1848 882 1916 aliquo
902 1847 987 1900 modo.

353 1935 419 1985 Turn
440 1935 582 2002 compediti
602 1953 681 1988 anum
701 1935 763 1987 lima
784 1938 936 2002 praeterunt

353 2022 407 2071 Aut
427 2019 516 2088 lapide
536 2023 675 2074 excutiunt
694 2021 809 2085 clavom

250 2131 386 2194 quorum
410 2132 561 2177 versuum
582 2133 693 2178 sensus
715 2113 897 2195 corruptela
921 2111 1063 2193 quadam
1087 2110 1236 2175 turbatus
1254 2129 1322 2175 esse
1336 2108 1416 2172 mihi

249 2211 388 2275 videtur:
430 2212 547 2276 Adhuc
576 2212 634 2276 viri
664 2213 750 2277 docti
772 2233 836 2276 non
860 2213 1063 2276 offenderunt
1084 2210 1143 2274 nisi
1166 2211 1197 2273 in
1221 2210 1312 2273 hiatu
1333 2228 1416 2273 eom·

245 2312 349 2392 pediti
370 2333 477 2391 annm,
509 2317 608 2393 atque
636 2312 829 2377 Ritsohetius
859 2312 1237 2396 compeditionem,
1270 2309 1324 2374 alii
1352 2308 1416 2373 alia

249 2415 494 2493 proposuerunt.
538 2412 608 2475 Mea
631 2411 761 2493 quidem
784 2415 943 2476 sententia
967 2432 1107 2475 conexus
1129 2430 1289 2488 versuum,
1314 2410 1358 2473 ita
1381 2413 1417 2472 ut

246 2511 356 2575 traditi
387 2516 478 2589 sunt,
509 2513 681 2576 mendosus
710 2516 766 2576 est.
808 2511 892 2576 Nam
922 2512 947 2575 si
977 2513 1007 2576 in
1037 2513 1141 2593 prImo
1163 2530 1258 2575 versu
1281 2509 1417 2591 legimus

249 2612 394 2693 captivos
424 2631 457 2674 se
487 2611 595 2692 aliquo
625 2611 722 2675 modo
751 2631 769 2675 e
799 2612 920 2675 catenis
941 2611 1095 2688 eximere,
1126 2613 1349 2691 exspectamus
1371 2608 1416 2672 eis

248 2731 332 2792 quae
362 2716 540 2794 sequuntur
569 2711 736 2793 explicari,
769 2711 885 2792 quibus
914 2703 1016 2775 modis
1048 2709 1080 2773 id
1111 2709 1217 2772 faeere
1249 2712 1414 2771 conentur.

247 2811 358 2893 ltaque
387 2810 465 2874 mihi
494 2817 559 2874 tum
588 2811 656 2873 sine
686 2810 784 2874 dubio
814 2810 985 2874 delendum
1012 2829 1080 2874 esse
1101 2808 1244 2883 videtur,
1275 2807 1351 2889 quia
1371 2806 1414 2885 id,

248 2910 335 2991 quod
357 2930 415 2992 per
434 2916 500 2974 tum
522 2910 660 2988 additur,
683 2929 801 2974 novam
824 2912 1015 2974 sententiam
1037 2928 1101 2974 non
1120 2907 1223 2986 affert,
1245 2907 1302 2971 sed
1323 2909 1415 2970 ante·

248 3009 414 3074 cedentem
446 3010 536 3091 quasi
566 3008 803 3092 interpretatur.
848 3010 1005 3093 Equidem
1028 3010 1113 3073 hano
1136 3007 1303 3071 lectionem
1327 3026 1416 3070 com·

246 3109 485 3186 mandaverim,
516 3129 600 3190 quae
627 3110 752 3174 hiatum
783 3129 848 3173 non
878 3109 959 3173 tollit
981 3145 1020 3154 -
1044 3109 1074 3172 id
1105 3108 1199 3172 enim·
1218 3126 1326 3170 meum
1349 3125 1414 3170 non

246 3213 294 3272 est
315 3244 365 3286 -‚
388 3212 422 3273 at
443 3229 554 3273 sensus
575 3229 731 3274 conexum
754 3209 907 3274 restituit:

519 3317 573 3369 Ant
593 3317 735 3385 compediti
755 3333 833 3369 anum
853 3316 915 3369 lima
933 3318 1087 3384 praeterunt

519 3404 573 3455 Aut
593 3403 681 3471 lapide
701 3403 840 3456 excutiunt
860 3402 969 3456 clavom.

287 3495 384 3558 Men.
405 3495 466 3559 908
484 3515 554 3578 sqq.

347 3593 411 3647 lube
430 3596 512 3663 igitur
530 3595 615 3648 tribus
633 3595 711 3647 nobis
730 3595 801 3663 apud
821 3599 847 3648 te
867 3595 1009 3663 prandium
1030 3595 1178 3646 accurarier

349 3682 436 3750 Atque
456 3682 557 3751 aliquid
575 3682 791 3735 scitamentorum
811 3681 843 3734 de
863 3682 919 3734 foro
939 3680 1107 3748 opsonarier:

349 3767 554 3820 Glandionidam
573 3767 688 3834 suillam,
706 3767 820 3822 laridum
838 3767 1021 3837 pernonidam‚

349 3856 402 3906 Aut
420 3856 635 3922 sincipitamenta
653 3855 763 3922 porsina
783 3860 830 3906 ant
849 3853 948 3922 aliquid
970 3853 1003 3905 ad
1023 3869 1081 3904 eum
1096 3853 1217 3917 modum3

243 3963 295 4026 hie
316 3964 544 4029 Menaechmus
564 3963 723 4028 meretrici
745 3963 907 4044 optionem
930 3984 996 4028 non
1019 3964 1150 4028 omnino
1174 3962 1240 4038 dat,
1267 3962 1324 4026 sed
1345 3962 1413 4043 ipse

242 4082 301 4127 sua
324 4068 437 4146 optata
458 4063 618 4146 proponit.
665 4063 777 4126 Verbis
807 4063 875 4127 eius
904 4063 957 4126 hic
986 4063 1051 4127 fere
1072 4081 1184 4127 sensus
1205 4062 1303 4127 inest:
1339 4063 1412 4143 „leh
