3030 4838
652 332 858 398 ..19-

171 510 248 591 quia
270 512 340 572 tum
364 509 512 584 demum,
543 527 615 571 cum
640 508 708 573 eius
738 509 819 574 fines
842 511 936 575 certis
962 513 1085 595 legibus
1107 516 1339 600 circumscripti

169 613 262 686 sunt,
285 608 404 690 percipi
428 610 550 689 potest,
573 628 671 690 quam
695 612 764 673 toto
786 609 875 673 caelo
897 610 1056 677 diversam
1079 618 1272 696 potestatem
1294 620 1340 681 ael

169 708 355 771 Plautinum
388 707 545 771 habuerit.
597 710 804 774 Enumerabo
835 710 931 790 igitur
959 712 1025 776 iarn
1057 714 1167 779 omnia
1187 715 1339 783 Plautina

168 807 318 887 exempla
341 807 478 870 adeum
502 807 633 871 modum
658 808 852 890 composita,
874 809 929 892 qui
950 811 1029 874 mihi
1052 813 1183 878 adrem
1206 815 1339 880 demon-

168 906 337 969 strandam
361 907 487 970 videtur
509 926 577 969 esse
599 908 799 989 aptissimus
830 928 936 990 neque
957 909 1077 975 Handii
1099 913 1339 995 dispositionem

168 1006 312 1086 partium
333 1010 461 1070 secutus
482 1026 573 1084 sum,
596 1007 655 1070 nisi
678 1008 704 1070 si
727 1007 839 1071 eadem
862 1010 999 1074 materia
1029 1014 1062 1074 et
1082 1012 1211 1076 easdem
1234 1014 1340 1078 distri-

168 1105 289 1168 buendi
311 1105 452 1169 rationes
467 1125 575 1169 secum
595 1105 727 1170 ferebat.
759 1106 952 1189 Priusquam
969 1112 1078 1173 autem
1095 1110 1138 1174 ad
1152 1131 1221 1176 rem
1236 1113 1339 1194 ipsam

170 1204 342 1281 accedam,
373 1204 513 1267 breviter
543 1205 707 1286 colligam,
739 1225 824 1287 quae
845 1225 905 1287 pro
926 1215 982 1271 aut
1011 1209 1043 1272 in
1065 1210 1229 1276 codicibus
1249 1232 1340 1277 men-

171 1305 249 1368 dose
271 1304 391 1384 scripta
413 1303 613 1367 invenimus:

236 1417 283 1472 ut:
306 1410 424 1491 Amph.
441 1412 503 1474 409
523 1410 612 1492 (DE),
635 1411 751 1475 Bacch.
768 1412 809 1474 80
830 1410 890 1493 (C),
914 1412 984 1476 Cas.
1005 1414 1081 1478 1001
1106 1411 1197 1494 (EV),
1221 1415 1284 1480 Mil.
1302 1417 1339 1480 17

277 1508 368 1589 (folia
390 1517 424 1573 ai
452 1530 512 1593 pro
538 1510 620 1591 folio
644 1518 700 1574 aut
728 1509 864 1593 BCDF),
892 1514 982 1576 Most.
1005 1514 1067 1578 466
1098 1513 1161 1595 (Z),
1190 1516 1277 1580 Trin.
1300 1519 1340 1581 89
1372 1533 1376 1541 ·

276 1606 345 1690 (A),
375 1609 473 1672 Poen.
496 1611 552 1673 581
585 1609 657 1691 (pro
680 1611 823 1689 trapoedi
851 1617 908 1675 aut
933 1614 1040 1676 comici
1067 1614 1094 1677 B
1123 1613 1233 1678 litteris
1261 1615 1340 1680 falso

277 1709 455 1772 coniunctis
484 1709 648 1794 trapocdio
676 1715 711 1772 at
741 1712 849 1772 comici
876 1711 1020 1787 exhibe13
1051 1732 1136 1794 quae
1164 1715 1264 1779 verba
1286 1714 1340 1780 CD

275 1810 492 1889 transponunt
513 1808 545 1871 in
570 1815 603 1870 at
624 1809 786 1891 traqocdr'a
809 1808 940 1891 comici).

233 1922 285 1977 at:
314 1913 405 1996 Capt.
429 1915 490 1978 805
511 1914 568 1996 (J),
597 1915 659 1978 480
681 1912 747 1995 (F),
776 1914 869 1979 Cure.
892 1917 955 1980 554
983 1917 1123 1999 (BVE'),
1150 1920 1235 1984 Rud.
1261 1921 1341 1984 1168

275 2012 319 2093 (at
336 2019 370 2077 ta
391 2032 451 2093 pro
470 2019 526 2076 aal
545 2015 586 2076 ite
600 2012 656 2094 F);
677 2032 788 2078 rursus
803 2015 864 2078 Mil.
883 2016 941 2079 681
961 2036 1021 2098 pro
1037 2024 1070 2080 at
1085 2019 1219 2100 praebet
1234 2019 1259 2083 C
1274 2028 1340 2084 aut.

232 2141 337 2205 naua:
370 2139 442 2203 aas.
470 2141 531 2203 roo
561 2139 609 2220 (v,
638 2113 776 2234 mapa
800 2140 851 2220 J),
885 2140 967 2205 Men.
990 2143 1052 2207 583
1074 2144 1164 2225 (ua),
1195 2145 1341 2214 1111111

275 2266 456 2346 (Palatini),
493 2268 581 2331 Trin.
613 2268 674 2332 868
708 2267 835 2346 (KAVT
867 2267 899 2331 in
932 2269 993 2348 A),
1031 2268 1129 2334 Poen.
1160 2273 1223 2337 466
1255 2273 1339 2356 (libri

273 2371 402 2447 praeter
424 2365 501 2445 Ar),
524 2366 615 2430 Curc.
639 2367 701 2431 539
723 2367 828 2448 (Eth
850 2367 917 2431 aad
938 2367 1035 2431 Poen.
1058 2369 1118 2433 893
1141 2369 1201 2451 (Β),
1223 2372 1339 2440 Pseud.

274 2467 337 2530 834
359 2466 427 2544 (B);
451 2466 719 2529 audorraiaitator
748 2486 807 2546 pro
829 2472 885 2529 cat
906 2466 1094 2532 dormitator
1114 2469 1202 2534 Trin.
1225 2473 1286 2536 868
1309 2473 1341 2536 in

275 2566 316 2640 133
340 2565 448 2627 audite
469 2584 529 2645 pro
552 2572 608 2628 aut
630 2566 672 2628 ite
692 2565 791 2630 Poen.
810 2566 868 2628 511
893 2565 926 2628 in
948 2566 1038 2631 BCD.
1124 2577 1126 2582 '

234 2693 294 2736 uu:
316 2671 477 2752 (refricari
496 2690 554 2752 pro
577 2676 634 2734 aat
651 2670 771 2751 fricari
792 2671 890 2735 Poen.
916 2672 977 2736 880
1000 2671 1060 2753 (B).

253 2787 414 2851 Nonnulla
438 2788 501 2851 alia
522 2787 612 2851 brevi
627 2787 893 2869 interpretatione
910 2788 1071 2869 indigent:
1094 2789 1186 2872 Capt.
1205 2793 1284 2855 1003
1309 2793 1339 2856 in

171 2889 197 2951 B
219 2906 279 2967 pro
301 2893 356 2950 nat
377 2889 546 2951 coturnices
566 2887 722 2951 traditum
744 2889 793 2950 est
815 2907 834 2948 a
856 2889 1046 2966 coturnices,
1077 2890 1164 2970 quod
1186 2891 1340 2955 mendum

170 3006 230 3068 per
253 2987 393 3050 mediam
416 2987 552 3050 sormam
575 2987 617 3048 ad
637 2988 806 3051 coturnices
828 2985 900 3068 (pro
923 2993 957 3048 ut
974 2988 1158 3065 coturnices)
1180 2990 1343 3055 transiisse

172 3086 268 3150 docet
284 3105 342 3149 nos
358 3085 420 3149 Mil.
433 3105 462 3148 v.
472 3085 542 3162 788,
564 3085 620 3148 ubi
641 3104 700 3167 pro
722 3093 779 3149 aut
796 3087 926 3149 cervices
941 3085 1036 3150 BCD¹
1058 3087 1231 3152 adcerrtces
1248 3109 1343 3171 prae·

172 3187 269 3261 bent;
300 3184 414 3248 eodem
444 3185 541 3248 modo
570 3184 819 3265 intellegendum
842 3187 906 3254 est.
938 3185 1026 3267 quod
1053 3186 1169 3250 Pseud.
1192 3190 1255 3252 834
1281 3209 1342 3271 pro

171 3292 228 3350 cat
249 3285 442 3349 cataractra'a
463 3285 490 3348 D
514 3285 643 3348 exhibet
667 3285 894 3348 acaloructria.
927 3284 1051 3362 Quibus
1074 3287 1228 3368 exemplis
1250 3287 1344 3350 nixus

131 3437 133 3441 .
171 3387 204 3449 in
221 3385 354 3448 Poenuli
377 3384 511 3466 prologo
529 3405 559 3447 v.
576 3386 616 3449 80
627 3404 675 3466 sq.
698 3383 910 3465 archetypum
926 3384 1007 3447 haec
1024 3384 1194 3450 tradidisse
1211 3406 1341 3451 censeo:

394 3483 422 3536 Si
442 3482 505 3550 quid
525 3487 572 3535 aut
590 3483 716 3535 mandare
734 3482 813 3535 voltis
832 3487 879 3535 aut
898 3484 1022 3548 curarier,

394 3569 540 3635 Argentum
559 3569 612 3620 nisi
632 3570 676 3636 qui
695 3568 805 3633 dederit,
824 3584 910 3635 nugas
929 3569 1030 3636 egerit;

172 3652 299 3715 codices
321 3652 405 3715 enim
428 3652 534 3717 BCDZ
556 3654 584 3716 si
605 3654 682 3738 quid
703 3655 882 3716 amandare
904 3653 1057 3717 exhibent
1081 3651 1127 3735 (id
1143 3655 1231 3737 quod
1249 3656 1343 3720 inter-

171 3751 299 3831 polator
326 3751 359 3814 in
386 3751 410 3814 F
440 3753 577 3816 mutavit
605 3752 638 3816 in
660 3752 884 3834 demandare),
915 3753 1070 3817 editiones
1100 3756 1207 3817 autem
1237 3754 1344 3819 adhuc

172 3850 322 3913 Saraceni
352 3851 568 3915 coniecturam
598 3852 698 3915 secuti
726 3853 755 3914 si
782 3852 859 3936 qaid
887 3852 1044 3915 mandare
1065 3854 1163 3917 voltis.
1218 3853 1296 3918 lllud
1318 3859 1344 3922 si

171 3948 307 4013 Plautus
328 3950 396 4030 ipse
418 3950 598 4031 scripserat,
622 3957 678 4014 aut
698 3971 758 4033 pro
780 3951 869 4015 breui
892 3951 1015 4032 syllaba
1038 3952 1261 4033 accipiendum
1287 3958 1344 4020 est,

172 4047 334 4112 antecedit
349 4049 432 4112 enim
451 4049 556 4113 brevis
570 4050 729 4128 brevians,
750 4054 782 4114 et
797 4050 842 4114 sic
860 4051 942 4114 ictus
952 4051 1137 4131 ponendus:
1158 4051 1278 4137 siquid
1290 4059 1346 4117 out

172 4147 342 4226 mandare,
361 4148 421 4210 nisi
432 4149 538 4228 siquid
554 4149 775 4231 pyrrhichium
791 4150 941 4214 statueris
956 4154 991 4214 ut
1005 4149 1191 4213 Skutschius
1203 4151 1221 4214 l.
1232 4151 1261 4215 d.
1273 4172 1303 4233 p.
1314 4154 1343 4216 3.

1148 4281 1187 4333 2»
