3030 4838
654 319 862 387 ,66-

170 494 303 560 einzelte
323 495 540 578 Conjunktion
563 492 722 563 zwischen
744 518 779 563 so
812 499 915 564 vielen
937 496 1203 577 Substantiven“,
1232 499 1343 580 itaque

168 594 376 659 reficiendum
406 600 501 678 putat
526 595 631 678 frons.
676 596 770 663 Mero.
801 598 878 676 310,
909 616 1005 680 quem
1036 598 1139 662 locum
1163 598 1228 662 Leo
1254 598 1342 674 citat,

169 695 202 758 in
232 696 507 777 comparationem
536 697 645 761 vocari
674 717 739 762 non
761 702 884 781 potest,
913 718 989 763 nam
1020 697 1064 762 ibi
1093 702 1124 761 et
1144 697 1275 778 saepius
1296 700 1343 762 vel

169 793 355 876 interposito
372 795 574 860 substantiva
591 797 817 880 disiunguntur
833 799 981 862 etaltera
996 817 1135 879 persona
1150 797 1342 878 appellatur.

170 893 288 958 Birtius
311 893 390 957 mihi
412 894 551 976 benigne
579 897 796 962 coniecturam
820 917 912 961 suam
942 897 1024 962 oculi
1044 916 1161 960 aarum
1187 896 1344 981 palpebra

171 992 226 1075 (sc.
249 997 400 1058 neutrum
421 994 566 1075 pluralis)
589 996 742 1073 tradidit;
764 997 940 1079 palpebrae
961 997 1045 1061 enim
1068 995 1168 1060 oculis
1188 995 1342 1060 nimirum

169 1093 313 1170 vicinae3
342 1093 434 1158 labra
464 1093 571 1158 locum
601 1114 665 1159 non
696 1095 854 1161 haberent
883 1097 942 1160 nisi
962 1101 1034 1179 post
1064 1097 1175 1161 malas.
1221 1096 1343 1178 Vixque

171 1193 259 1258 aliud
281 1193 415 1258 verbum
440 1193 619 1274 invenitur,
652 1196 742 1260 cuius
764 1196 890 1261 litterae
911 1216 984 1260 cum
1011 1196 1138 1260 traditis
1160 1196 1344 1261 accuratius

174 1294 386 1359 consentiant.
415 1293 589 1359 Praeterea
608 1295 733 1360 litterae
752 1319 770 1360 v
790 1300 821 1360 et
841 1316 864 1378 p
885 1297 1013 1378 saepius
1029 1300 1270 1360 commutantur
1290 1295 1342 1374 tol.

171 1392 239 1457 Birt
259 1392 338 1457 Mus.
361 1392 468 1458 Rhen.
489 1398 513 1458 t.
535 1395 576 1458 52
598 1396 702 1477 suppl.
725 1416 756 1477 p.
779 1397 842 1473 78).

212 1514 361 1581 Baccln
387 1515 525 1599 1068sq,

311 1614 367 1668 Hoc
386 1618 429 1668 est
446 1615 554 1684 incepta
573 1615 676 1669 efficere
694 1615 800 1684 pulcre:
819 1614 902 1669 veluti
920 1615 985 1669 mihi

310 1701 414 1768 Evenit,
432 1704 463 1754 ut
481 1717 564 1756 ovans
583 1701 683 1771 praeda
701 1706 814 1755 onustus
832 1703 951 1755 cederem
957 1722 965 1767 ;

172 1812 232 1874 pro
262 1796 360 1858 vetuti
388 1793 535 1859 codicum
567 1794 702 1859 Bothius
728 1794 773 1858 rel
804 1795 955 1871 coniecit;
985 1793 1044 1859 sed
1072 1793 1215 1876 langeni
1244 1793 1345 1858 verba

173 1892 307 1957 omnino
337 1894 530 1976 comprobo:
562 1892 723 1974 „sachlich
755 1893 843 1958 halte
865 1893 916 1958 ich
939 1894 1047 1959 weder
1067 1894 1118 1958 vel
1137 1893 1224 1959 noch
1246 1892 1345 1957 veluti

173 1990 225 2055 fur
255 1991 413 2073 mdglich3
444 2011 478 2056 es
505 1992 546 2057 ist
566 1992 683 2057 vorher
710 1991 803 2056 keine
825 1991 1013 2073 allgemeine
1031 1992 1247 2074 Behauptung
1275 1991 1344 2056 aul-

174 2089 315 2171 gestth,
351 2090 402 2155 die
433 2090 535 2156 durch
562 2091 616 2155 ein
648 2090 803 2155 einzelnes
831 2091 966 2174 Beispiel
994 2091 1154 2156 bewiesen
1183 2110 1267 2173 resp.
1295 2110 1345 2155 er-

174 2188 292 2253 ltutert
322 2190 452 2255 werden
480 2190 556 2269 soll;
592 2191 731 2255 condem
761 2190 820 2255 das
845 2190 908 2255 hoc
934 2191 1027 2256 weist
1057 2189 1197 2256 deutlich
1229 2190 1349 2255 daraul

174 2286 241 2368 hin,
264 2289 338 2353 dass
360 2288 536 2371 Chrysalus
559 2289 640 2354 eben
665 2309 725 2352 nur
747 2306 790 2352 an
811 2289 874 2354 den
896 2289 989 2355 einen
1009 2289 1130 2355 Vortall
1157 2288 1265 2367 denkt,
1289 2288 1346 2352 der

174 2386 259 2452 auch
282 2387 325 2450 im
349 2387 518 2469 folgenden
535 2388 631 2453 Verse
651 2386 860 2469 Erwahnung
881 2387 1011 2452 findet“.
1043 2387 1240 2453 Nonnullam
1262 2387 1345 2452 veri·

176 2484 254 2551 tatis
274 2487 415 2569 speciem
436 2487 551 2552 Leonis
573 2487 759 2553 coniectura
780 2487 896 2553 habet:

314 2592 370 2647 Hoc
388 2596 429 2646 est
445 2593 554 2662 incepta
572 2591 676 2647 efficere
694 2593 801 2662 pulcre:
819 2592 917 2646 bellule

315 2680 350 2732 Mi
369 2679 457 2733 evenit
475 2695 498 2732 e.
508 2695 533 2748 q.
543 2695 565 2733 s.

216 2790 333 2873 Capt.
355 2793 478 2873 88sqq.

315 2889 349 2942 Et
366 2889 410 2942 hic
429 2889 536 2957 quidem
555 2889 651 2955 hercle,
670 2889 723 2941 nisi
743 2888 788 2956 qui
807 2888 933 2956 colaphos
952 2888 1056 2957 perpeti

314 2973 408 3028 Potest
425 2975 560 3044 parasitus
578 2974 718 3043 frangique
737 2974 812 3028 aulas
830 2975 859 3026 in
878 2978 967 3042 caput,

314 3060 362 3114 Vel
381 3062 420 3114 ire
439 3065 516 3114 extra
532 3064 637 3131 portam
657 3061 835 3129 Trigeminam
854 3061 888 3113 ad
905 3075 1011 3114 saccum
1031 3060 1107 3126 licet3

174 3155 230 3218 ubi
260 3174 334 3219 cum
356 3155 469 3220 Guieto
497 3156 544 3220 oet
572 3155 677 3220 delere
705 3153 855 3219 mavelim
882 3172 982 3236 quam
1011 3171 1084 3217 cum
1107 3151 1224 3218 Bothio
1245 3154 1279 3216 et
1299 3151 1347 3214 ire

175 3253 282 3317 delere
313 3258 346 3319 et
376 3256 458 3319 ilicet
488 3274 547 3337 pro
581 3256 651 3320 licet
682 3253 836 3318 conicere.
886 3253 1002 3317 Utrum
1035 3252 1177 3316 Klotzins
1205 3250 1345 3333 (alnon.

174 3353 288 3417 Metrik
317 3373 347 3435 p.
378 3352 431 3434 83)
469 3352 616 3417 adhibito
653 3355 789 3417 accentu
819 3353 867 3416 cel
902 3354 950 3416 tre
980 3356 1069 3416 carra
1097 3351 1253 3416 traditam
1282 3351 1346 3414 lec·

175 3453 296 3517 tionem
318 3453 387 3517 iure
407 3452 583 3517 servaverit
603 3471 714 3532 necne,
736 3471 801 3518 non
823 3451 973 3517 diiudico.

216 3559 330 3641 Capi.
357 3559 418 3623 832

313 3657 471 3726 Priusquam
489 3657 619 3727 pultando
638 3658 679 3711 rel
698 3658 836 3712 assulatim
854 3656 956 3710 loribus
975 3658 1083 3710 exitium
1103 3658 1193 3711 adfero

174 3751 279 3816 Nonio
301 3755 433 3817 auctore
453 3755 500 3818 vel
515 3751 689 3817 rectissime
710 3751 851 3816 deletum
872 3753 928 3829 est,
949 3769 1026 3814 nam
1047 3750 1185 3833 pessime
1206 3755 1345 3816 metrum

177 3852 297 3917 turbat.

200 3944 332 4022 Cure.
358 3958 479 4039 l5sqq.

315 4056 384 4110 Huic
401 4072 559 4126 proxumum
577 4055 644 4108 illud
663 4055 787 4109 ostiumst
805 4054 994 4110 oculissimum.

316 4145 403 4212 Salve,
421 4143 557 4211 valuistin,
576 4144 673 4197 ostium
691 4141 894 4196 oculissimum?
912 4172 946 4180 —
