3030 4838
579 270 786 332 ..21-.

95 451 210 534 plicern
235 449 341 529 aliquo
363 450 446 512 satta
469 450 546 512 satis
574 468 638 511 non
669 469 752 525 esse,
785 448 958 511 desiderari
988 449 1024 511 in
1053 447 1158 529 aliquo
1179 446 1265 508 solta

96 549 144 613 vel
162 571 223 634 per
245 549 381 630 aliquem
407 549 534 612 sullam.
586 551 698 629 ltaque
726 548 768 612 ad
792 547 896 611 Plauti
928 544 1191 610 consuetudinem
1216 544 1262 607 di·

96 650 188 714 cendi
211 649 345 712 tortasse
365 649 497 730 propius
519 648 711 722 accedimus,
734 647 758 711 si
777 648 921 710 anteveni
935 647 1045 725 aliqua
1061 634 1166 729 aliquo
1180 644 1264 707 solta

97 749 320 829 coniungimus
336 753 367 811 et
381 748 533 811 vertimus
555 747 676 827 „durch
696 747 788 810 einen
810 745 971 809 schnellen
988 744 1117 826 Sprung
1137 743 1265 807 konrnre

96 849 194 912 ihnen
208 847 335 924 zuvor“‚
360 848 397 911 ct.
408 847 562 910 Sisennae
578 846 792 927 fragmentum
816 845 950 926 (Nonius
966 865 996 926 p.
1009 844 1099 922 aaut:
1121 844 1168 908 ali
1182 845 1266 907 saltu

96 970 133 1012 ae
153 949 311 1013 velocitate
332 954 460 1011 certare.

180 1063 242 1126 Sed
265 1064 343 1127 satis
367 1063 421 1126 diu
443 1064 506 1126 iarn
531 1063 571 1126 de
593 1062 704 1126 litteris
726 1063 866 1142 egimus,
891 1062 1008 1144 quihus
1034 1069 1089 1126 out
1110 1063 1264 1145 scripturn

97 1163 295 1237 invenimus3
327 1163 470 1227 animum
509 1162 717 1225 advertamus
756 1163 798 1225 ad
827 1181 974 1240 sensum,
1008 1182 1104 1243 quern
1133 1163 1268 1243 praehet

100 1263 271 1344 particula.
325 1261 419 1338 Quod
440 1262 464 1324 si
487 1282 553 1325 rem
580 1263 610 1324 in
634 1261 818 1325 universum
842 1261 1098 1338 considerantur,
1121 1262 1182 1325 hoc
1204 1261 1268 1325 tere

98 1361 290 1425 confirmare
310 1361 397 1424 licet:
420 1362 500 1423 Aut
528 1361 743 1442 particula
773 1362 812 1423 in
840 1361 1012 1442 syntaxi
1042 1361 1091 1426 ad
1119 1380 1267 1425 secun·

97 1461 188 1525 darn
221 1480 436 1542 personam
479 1480 558 1523 non
596 1465 762 1540 spectat
795 1479 931 1541 neque
968 1467 1038 1523 out
1068 1461 1267 1543 apposito

97 1559 179 1637 illi,
204 1560 273 1641 qui
297 1560 554 1641 appellatur,
578 1560 696 1640 optio
718 1561 829 1623 inter
851 1558 1087 1640 complures
1108 1580 1172 1623 res
1195 1561 1266 1624 da-

97 1663 180 1734 tur,
213 1659 282 1721 sed
316 1659 421 1722 duae
451 1678 514 1722 res
546 1659 865 1737 discernuntur,
898 1679 1003 1741 quae
1029 1680 1104 1741 per
1134 1680 1175 1723 se
1205 1660 1266 1724 di·
1331 1722 1335 1729 ,

97 1776 244 1822 versae
275 1763 372 1822 sunt
406 1760 454 1821 vel
492 1779 530 1821 ex
563 1759 722 1822 sententia
756 1760 823 1823 eius
855 1760 909 1841 qui
943 1760 1091 1841 loquitur.
1147 1760 1180 1823 Si
1210 1768 1267 1824 out

96 1862 280 1938 usurpatur,
303 1858 404 1939 isqui
427 1859 569 1940 loquitur
591 1859 711 1923 arbiter
732 1864 780 1922 est
804 1859 951 1940 optionis
975 1859 1065 1922 cuius
1087 1860 1129 1923 ad
1152 1860 1265 1923 volun·

96 1959 196 2020 tatem
220 1957 390 2020 disiunctio
413 1957 549 2021 duarum
572 1959 622 2022 vel
645 1959 859 2040 complurium
882 1978 990 2022 rerurn
1007 1958 1175 2022 referenda
1197 1963 1262 2033 est3

95 2056 163 2119 eius
185 2060 293 2120 autern
316 2057 369 2138 qui
393 2057 573 2139 appellatur
596 2058 772 2122 arbitratus
794 2058 925 2121 ornnino
946 2058 1134 2138 neglegitur.
1178 2057 1264 2121 Con-

94 2156 231 2219 trarium
255 2156 380 2233 accidit,
403 2156 429 2219 si
450 2159 498 2221 vel
519 2161 702 2237 usurpatur.
737 2157 842 2234 Quam
866 2157 931 2221 virn
953 2158 986 2220 in
1002 2157 1151 2221 omnibus
1167 2177 1264 2238 gene·

95 2255 193 2331 ribus,
216 2255 248 2318 in
271 2275 355 2336 quae
376 2255 553 2336 particulae
570 2276 646 2319 usus
665 2255 904 2320 distribuendus
926 2260 990 2334 est,
1005 2257 1107 2320 inesse
1123 2260 1259 2339 oportet.

180 2456 244 2537 §A
282 2460 389 2539 Atque
411 2458 551 2539 primurn
574 2478 613 2523 ex
635 2478 754 2546 magna
777 2458 872 2521 turba
888 2456 1030 2521 locorum
1051 2477 1105 2522 eos
1120 2478 1263 2540 segrege,

95 2557 151 2638 qui
174 2557 451 2621 disiunctionis
473 2558 545 2620 vim
570 2559 748 2621 strictam
771 2560 808 2620 et
830 2575 959 2620 acrem
989 2576 1068 2637 prae
1093 2578 1126 2622 se
1148 2559 1263 2637 ferunt,

95 2657 141 2721 ita
166 2660 203 2720 ut
224 2655 264 2719 de
287 2655 413 2718 duobus
436 2655 569 2718 diversis
591 2658 723 2735 agatur,
753 2673 889 2736 quorum
913 2653 938 2716 si
960 2673 1061 2719 unum
1082 2656 1263 2735 adhibetur,

96 2754 232 2818 alterum
264 2753 369 2816 locum
400 2772 463 2815 non
486 2753 586 2816 habet
607 2753 657 2817 vel
679 2772 717 2816 ex
739 2753 898 2817 sententia
920 2753 1003 2829 eius,
1036 2755 1091 2836 qui
1113 2755 1263 2836 loquitur,

94 2869 370 2933 supervacaneum
394 2855 450 2915 est.
494 2851 679 2932 Sequuntur
700 2852 864 2933 exempla:

135 2958 253 3022 Merc.
279 2958 338 3021 168

254 3055 346 3108 Hercle
365 3070 426 3106 vero
445 3035 593 3123 vapulabis,
612 3057 663 3107 nisi
684 3057 735 3108 iam
755 3058 862 3124 loquere
881 3060 928 3109 aut
946 3057 1008 3108 hino
1028 3056 1085 3108 abis

94 3147 206 3211 stricta
235 3148 408 3212 alternatio
437 3153 501 3227 est,
534 3169 618 3230 quae
647 3150 723 3230 quid
750 3150 922 3231 significet,
953 3154 1064 3213 nostra
1088 3149 1195 3230 lingua
1217 3149 1262 3213 sic

94 3245 159 3309 fere
181 3246 424 3328 exprimendum
449 3251 513 3312 est:
543 3267 656 3329 „wenn
680 3248 723 3311 du
747 3247 862 3328 Prligel
884 3246 1068 3310 vernreiden
1089 3247 1199 3323 willst,
1226 3267 1261 3310 so

93 3342 197 3407 kenne
219 3344 271 3407 ich
293 3365 355 3409 nur
375 3346 452 3409 zwei
474 3345 734 3426 Mdglichkeiten,
766 3345 929 3408 entweder
958 3345 1001 3407 du
1031 3344 1168 3425 sprichst
1186 3345 1262 3427 jetzt

91 3441 170 3506 oder
192 3442 236 3508 du
258 3444 400 3509 scheerst
421 3446 495 3509 dich
514 3443 614 3509 fort“:
637 3445 797 3508 Acanthio
816 3445 883 3525 ipse
899 3444 976 3526 quid
994 3444 1078 3521 velit,
1102 3443 1261 3508 Charinus

91 3561 156 3606 non
181 3547 281 3608 curat.

133 3665 245 3730 Most.
267 3666 329 3730 943
349 3686 395 3749 sq.

565 3780 628 3849 quid
648 3780 709 3832 ais?
729 3797 763 3832 an
781 3782 833 3833 iam
852 3781 972 3834 vendidit

221 3864 303 3917 Aedis
323 3864 507 3919 Philolaches?
526 3873 572 3918 aut
591 3867 696 3935 quidem
715 3868 766 3919 iste
785 3883 833 3919 nos
853 3866 1030 3919 defrustratur
1048 3883 1128 3919 senex

90 3991 156 4054 quo
185 3972 255 4037 loco
285 3994 345 4038 nos
375 3981 431 4038 out
459 3995 527 4065 per
546 3976 672 4056 „sonst“
696 3981 821 4041 vertere
843 3995 1032 4058 possumuS,
1063 3977 1151 4058 quod
1173 3975 1257 4041 iden]

90 4070 231 4152 quadrat
252 4072 295 4137 ad
