3030 4838
654 300 694 308 -
737 226 860 328 37’..

252 442 366 506 Cetera
387 441 534 523 exempla
552 462 618 506 non
635 443 747 507 eadem
766 441 843 506 artis
861 442 1037 507 subtilitate
1055 441 1233 524 composita
1255 446 1338 521 sunt,

170 543 201 607 in
223 543 341 625 quibus
362 563 427 607 uon
450 544 594 606 variatur
615 543 675 607 uisi
696 563 762 608 una
784 543 881 608 notio.

210 649 324 714 Cure.
347 651 408 714 539

308 750 347 802 Ne
366 753 392 802 te
410 750 445 801 mi
462 749 545 802 iacias
563 750 676 802 ferocem
696 754 742 802 aut
761 749 912 818 supplicare
932 764 1042 802 censeas

169 843 252 906 duae
274 843 451 906 sententiae
474 847 583 923 partes
610 842 697 906 idem
718 842 767 906 bis
796 843 995 925 exprimunt,
1026 843 1114 925 quod
1135 843 1228 908 facile
1248 844 1341 909 intel-

169 943 293 1023 legitur,
316 942 342 1005 si
362 943 407 1005 sic
428 943 631 1023 supplemus:
657 942 756 1007 Tute
776 942 860 1026 facis
874 944 1018 1026 ferocem,
1041 945 1150 1009 nitidi
1170 946 1342 1030 supplicem

168 1048 266 1125 atque
289 1063 337 1106 mc
357 1042 414 1106 tibi
437 1044 615 1127 supplicare
635 1063 750 1125 censes,
771 1046 848 1125 quia
867 1044 1001 1127 ferocem
1023 1053 1051 1109 te
1070 1045 1165 1129 facis.

251 1149 367 1214 Cure.
390 1150 451 1213 553
461 1168 508 1231 sq.

682 1231 807 1297 Bellator‚
826 1233 892 1285 vale.
911 1262 945 1269 -

310 1317 377 1380 Quid
393 1316 557 1369 valeami-
570 1320 623 1370 Aut
637 1322 667 1370 tu
685 1324 793 1387 aegrota
812 1324 940 1383 aetatem
960 1321 982 1372 si
1001 1319 1083 1385 lubet,
1102 1335 1150 1389 per
1167 1337 1208 1373 me
1227 1319 1342 1388 quidem.

169 1411 318 1494 quamvis
348 1410 487 1475 hicnon
509 1414 636 1475 tantum
660 1413 760 1476 verba
782 1413 964 1491 varientur,
995 1413 1052 1477 sed
1073 1433 1184 1478 sensus
1214 1433 1344 1496 quoque

170 1516 322 1589 mutetur,
347 1511 399 1574 hic
422 1531 534 1575 uersus
551 1513 815 1577 antecedentibus
838 1514 1064 1596 aggregandus
1086 1519 1143 1591 est,
1166 1533 1242 1578 nam
1258 1515 1343 1596 Lyco

172 1632 245 1676 cum
263 1613 403 1693 primum
416 1612 737 1694 Therapontigonum
755 1615 862 1678 valere
878 1614 1012 1692 iusserit,
1030 1614 1138 1679 statim
1155 1634 1188 1678 se
1204 1614 1342 1696 corrigit,

172 1713 263 1794 quasi
287 1712 317 1775 id
341 1713 447 1776 dicere
474 1713 619 1777 noluerit.
665 1714 758 1792 Quod
781 1715 864 1778 idem
889 1715 976 1779 cadit
994 1715 1027 1778 in
1048 1715 1125 1778 Mil.
1148 1735 1176 1778 v.
1203 1716 1281 1779 10248

307 1812 345 1866 Eo
364 1815 434 1866 intro
454 1818 500 1865 aut
519 1818 549 1866 tu
569 1814 652 1867 illunc
671 1830 751 1868 evoca
769 1816 848 1882 toras,
866 1832 925 1868 mea
943 1815 1119 1885 Milphidippa

173 1905 230 1987 (sie
251 1906 414 1970 Bentleius
443 1907 617 1971 rectissime
646 1909 847 1987 emendavit,
877 1908 1003 1973 codices
1022 1909 1171 1973 tradunt:
1204 1910 1343 1974 cointio

172 2012 251 2071 autu
271 2006 349 2072 illac
371 2014 527 2071 evocatum
546 2005 649 2088 foras)

211 2118 243 2178 et
264 2115 298 2176 in
318 2114 416 2177 Men.
439 2133 469 2177 v.
490 2115 610 2196 516sq.

445 2213 505 2267 Non
522 2219 553 2268 tu
572 2215 638 2279 abis,
657 2230 709 2282 quo
728 2214 825 2282 dignus
845 2213 892 2266 es?

309 2302 365 2353 Aut
383 2305 409 2354 te
429 2302 498 2370 piari
515 2302 591 2367 iube,
604 2302 681 2354 homo
700 2302 886 2354 insanissume.

214 2395 310 2459 Men.
333 2395 473 2477 816sqq.
498 2395 639 2459 affirmat
660 2395 905 2459 Menaechmus:

309 2494 337 2548 Si
359 2511 406 2564 ego
426 2496 496 2549 intra
516 2496 589 2549 aedis
608 2496 688 2548 huius
707 2513 841 2564 umquam,
860 2497 905 2548 ubi
924 2496 1035 2560 habitat,
1055 2495 1192 2563 penetravi
1210 2495 1312 2562 pedem,

308 2582 430 2636 Omnium
450 2584 584 2636 hominurn
604 2587 700 2651 exopto
718 2589 749 2635 ut
768 2583 829 2635 liam
847 2585 1000 2635 miserorum
1021 2582 1192 2635 miserrimus,

335 2676 440 2740 Senex
462 2676 653 2758 respondet:

310 2775 402 2829 Sanun
420 2792 457 2844 es,
476 2778 521 2845 qui
540 2777 610 2830 istuc
628 2780 737 2844 exoptes
755 2781 801 2828 aut
819 2792 900 2844 neges
918 2781 944 2829 te
964 2793 1090 2844 umquam
1108 2775 1202 2843 pedem

308 2863 403 2916 Inoas
422 2863 496 2916 aedis
515 2863 646 2920 intulisse.
664 2864 709 2916 ubi
729 2864 842 2927 habitas,
862 2862 1059 2917 insanissumei

213 2955 290 3020 Mil.
313 2956 376 3020 878
385 2976 432 3038 sq.

309 3057 430 3110 Stultitia
448 3061 527 3126 atque
546 3056 833 3125 insipientia††haeo
851 3057 894 3123 sit,

309 3146 350 3197 Me
366 3145 404 3197 ire
423 3145 451 3196 in
470 3160 537 3212 opus
556 3144 671 3196 alienum
691 3148 737 3196 aut
756 3145 805 3196 tibi
824 3160 907 3196 meam
927 3159 1033 3212 operam
1054 3143 1196 3211 pollicitati
1216 3158 1239 3195 e.
1250 3159 1274 3210 q.
1285 3158 1306 3194 s

212 3229 287 3295 Mil.
311 3231 386 3295 1251

310 3331 339 3384 Si
353 3333 451 3384 amavit
464 3349 588 3400 umquam
608 3333 654 3384 aut
668 3332 689 3383 si
703 3348 793 3400 parem
807 3331 964 3399 sapientiam
982 3331 1062 3383 habet
1080 3346 1112 3383 ao
1129 3331 1238 3383 formam
1259 3346 1279 3382 e.
1289 3345 1314 3397 q.
1322 3345 1342 3381 s.

211 3423 320 3490 Most.
345 3425 386 3489 34

309 3524 377 3588 Quid
397 3525 455 3591 tibi,
474 3526 581 3593 malum,
600 3543 641 3578 me
661 3529 707 3578 aut
726 3525 789 3594 quid
808 3541 856 3592 ego
876 3541 961 3592 agam,
980 3522 1128 3576 curatiost?

214 3618 327 3683 Most.
352 3618 467 3701 178sq.

249 3783 253 3793 Ι
308 3718 436 3788 Equidem
455 3719 500 3787 pol
518 3719 558 3772 vel
578 3719 646 3772 falso
661 3724 751 3772 tamen
769 3719 873 3772 laudari
891 3719 973 3772 multo
993 3717 1089 3783 malo‚.

307 3805 391 3868 Quam
409 3822 471 3859 voro
494 3805 595 3875 culpari
615 3811 662 3860 aut
680 3823 763 3860 meam
783 3807 897 3874 speciem
917 3806 984 3858 alios
1003 3804 1126 3857 inridere.

211 3898 331 3964 Poen.
356 3899 492 3982 1063sq.

678 3982 855 4035 Memoradum
876 3983 949 4048 mihi,

307 4066 336 4119 Si
353 4067 415 4120 novi
433 4067 500 4120 forte
520 4072 566 4120 aut
584 4069 606 4120 si
625 4073 689 4121 sunt
707 4070 813 4137 cognati
832 4070 904 4121 mihi.
