3030 4838
606 327 791 390 „7-

116 506 248 587 planum
273 508 330 569 est.
365 504 468 582 Quem
492 508 666 587 utrumque
680 505 785 571 locum
807 510 909 571 totum
932 507 985 571 hic
1000 527 1053 571 me
1067 526 1188 588 ponere
1203 527 1285 589 opus

114 609 178 684 est,
210 610 247 670 ut
269 605 403 670 iudicari
424 604 541 686 possit,
571 606 735 687 quomodo
764 606 827 671 alia
858 627 898 671 ex
926 607 995 671 aliis
1015 626 1100 671 nexa
1121 611 1155 670 et
1175 607 1285 672 omnia

113 707 196 770 inter
223 727 257 771 se
287 706 435 787 colligata
464 705 542 783 sint,
573 705 828 789 prohibeamque
854 727 895 772 ne
925 711 1034 790 partes
1063 727 1103 772 ex
1133 711 1285 773 contextu

114 811 244 889 ereptae
264 807 344 870 falso
367 801 601 886 intellegantur.

195 925 293 989 Probi
313 925 458 988 instituta
480 908 598 989 artium
620 923 677 1006 (IV
697 945 728 1006 p.
755 924 843 1007 145):

196 1026 280 1089 Saue
300 1032 375 1089 suut
402 1024 529 1110 aliquae
553 1026 801 1103 couiuuctioues,
831 1046 912 1106 quae
935 1032 969 1089 et*
984 1024 1126 1089 aliarum
1140 1026 1286 1108 partium

114 1127 267 1189 oratiouis
293 1125 428 1189 babeaut
451 1125 711 1210 siquisicatioue33
741 1133 767 1189 et
796 1126 867 1190 ideo
896 1125 1085 1190 subicimus
1115 1126 1286 1190 earumdem

115 1229 285 1305 ratioucm,
323 1247 385 1310 qua
422 1225 661 1306 iutetleqvutur,
700 1226 829 1306 quaudo
870 1228 934 1290 siut
972 1226 1205 1290 couiuuctioues
1241 1226 1287 1290 vet

114 1327 241 1413 quaudo
269 1325 345 1390 celiis
372 1326 519 1410 partibus
548 1327 701 1390 oratiauis
728 1327 935 1391 iuvcuiautur
962 1327 1159 1409 respouderc.
1207 1327 1287 1390 Suut

115 1435 219 1492 autem
247 1448 376 1490 uumero
397 1446 505 1490 uocem
526 1426 594 1490 bac.
644 1426 737 1507 qud,
760 1428 789 1490 si
813 1433 984 1508 postque
1011 1429 1148 1492 litteram
1175 1427 1287 1492 babeat

114 1535 251 1606 taut-vm,
274 1529 334 1590 crit
354 1528 547 1604 couiuuctio,
569 1533 604 1590 ut
626 1527 720 1609 ,quc‘3
750 1529 780 1591 si
800 1546 872 1591 vera
894 1548 940 1606 ae,
963 1528 1021 1590 erit
1039 1546 1230 1607 praucmeu,
1251 1535 1286 1592 ut

113 1627 219 1709 ,quael
262 1628 328 1708 tat',
350 1629 379 1690 si
398 1648 457 1707 per
478 1635 490 1691 t
510 1628 648 1692 litteram
667 1628 840 1706 scribatur,
861 1630 922 1692 erit
945 1629 1136 1709 couiuuctio,
1161 1634 1196 1691 ut
1216 1626 1285 1708 ‘at’3

112 1731 141 1792 si
161 1749 231 1792 vcro
245 1749 308 1812 per
329 1728 359 1806 d,
381 1728 440 1791 erit
456 1729 661 1812 praepositio,
682 1734 718 1791 ut
732 1728 802 1808 tad’.
836 1728 921 1808 ,aut',
941 1729 1051 1792 sisiue
1067 1728 1286 1808 adspiratiouc

112 1829 270 1893 scribatur
291 1835 319 1893 et
341 1830 377 1892 iu
404 1833 416 1891 t
436 1827 575 1892 ir‘tterum
604 1836 709 1910 cecat,
740 1830 803 1892 erit
823 1830 1010 1905 couiuucti03
1040 1830 1068 1891 si
1088 1849 1159 1892 vero
1180 1827 1287 1906 ,baud‘

113 1951 182 1994 cum
200 1930 419 2013 adspiratioue
433 1928 590 1992 scribatur
610 1937 639 1994 et
655 1931 691 1993 iu
706 1930 728 1992 d
745 1931 882 1994 litteram
900 1936 995 2007 exeat,
1018 1929 1077 1993 erit
1092 1928 1285 1993 adverbium.

113 2030 180 2111 tue’,
210 2031 240 2094 si
264 2029 356 2110 parti
384 2030 537 2093 oratiouis
564 2030 793 2112 subiuuqatur,
823 2031 883 2094 erit
913 2031 1104 2109 couiuuctio,
1133 2035 1169 2093 ut
1196 2028 1285 2115 apred

120 2130 294 2215 Verqilium
315 2128 408 2211 (Aen.
430 2128 453 2207 I,
464 2127 538 2209 593)

439 2234 571 2288 Pariusve
590 2236 663 2302 lapis
681 2235 865 2289 circumdatus
883 2251 959 2289 auro.

114 2330 150 2393 Si
169 2349 239 2393 aero
257 2327 310 2408 Cve'
330 2328 421 2408 parti
448 2329 601 2391 oratiouis
619 2333 853 2412 praepvuatur,
882 2329 941 2391 crit
961 2328 1135 2393 iuteriectio
1157 2331 1205 2393 vel
1226 2327 1283 2391 ad·

113 2430 259 2494 verbium.
310 2427 372 2492 Sed
393 2429 521 2509 quaudo
542 2430 584 2492 sit
603 2427 657 2508 <ve’
676 2429 850 2492 interiectio
872 2429 919 2491 vet
940 2428 1068 2509 quaudo
1088 2429 1284 2506 adverbium,

112 2531 179 2594 iam
202 2531 237 2593 iu
257 2530 469 2594 iuteriectioue
491 2530 569 2593 satis
591 2530 805 2593 tractabimus.
844 2528 910 2608 (ud,
931 2530 961 2593 si
979 2530 1202 2614 subiuuqatur,
1224 2530 1284 2593 erit

112 2631 296 2708 couiuuctio,
319 2636 353 2694 ut
373 2628 461 2714 apud
488 2629 663 2715 Vcrqiiivm
685 2628 777 2711 (Aen.
800 2632 824 2708 I,
837 2629 890 2711 37)

434 2753 507 2789 uuna
524 2738 628 2804 incepto
645 2737 771 2790 desistere
789 2738 902 2803 vietam;

112 2833 141 2894 si
166 2851 236 2894 vero
262 2830 320 2910 ,ue’
345 2835 581 2913 praepouatur,
613 2830 673 2894 erit
700 2829 901 2909 adverbium,
931 2834 966 2893 ut
994 2828 1084 2910 apud
1111 2827 1285 2911 Verqitium

114 2931 208 3013 (Aen.
229 2931 265 3010 H,
279 2928 334 3011 48)

617 3047 651 3082 ue
671 3030 770 3083 credite
792 3030 895 3098 Teucri,

433 3117 570 3185 qvidqvid
587 3118 618 3169 ec
635 3123 680 3170 aa

112 3212 193 3276 Item
214 3211 271 3290 ,ue'
299 3213 327 3275 si
351 3232 480 3292 qruvem
509 3216 671 3274 acceutum
691 3210 820 3290 babeat,
851 3212 911 3274 erit
932 3209 1125 3291 couiuuctio,
1148 3216 1184 3276 ut
1202 3217 1283 3292 puta

115 3309 343 3394 (Aen.1,13u)

335 3413 456 3465 Tantane
473 3428 519 3464 voe
536 3413 642 3480 qcucris
659 3410 746 3465 tenuit
759 3412 861 3477 fiducia
878 3411 983 3464 vestri?

108 3504 144 3593 Si
163 3524 232 3569 vcro
252 3504 310 3584 ‘ue'
331 3510 458 3568 acutum
481 3505 602 3584 babeat,
625 3507 683 3568 erit
705 3505 905 3583 adverbium,
928 3509 964 3568 ut
980 3510 1077 3588 puta:
1107 3525 1147 3568 ue
1167 3503 1282 3567 credite

110 3603 240 3682 Teucri,
268 3605 422 3691 quidquid
445 3606 480 3669 id
501 3612 552 3669 est.
595 3604 750 3687 ,qaoquc‘,
780 3607 809 3668 si
828 3625 893 3669 uou
915 3605 959 3668 ad
980 3605 1152 3669 ablativum
1173 3623 1281 3667 casum

108 3706 305 3789 respoudeat,
329 3707 388 3769 erit
410 3707 595 3784 couiuuctio,
617 3713 652 3770 ut
674 3706 763 3790 apud
791 3705 965 3787 Verqitium
988 3704 1081 3786 (Aen.
1104 3704 1174 3782 VII,
1189 3701 1219 3783 1)

331 3825 372 3877 Tu
390 3840 490 3893 quoque
509 3825 633 3877 litoribus
650 3826 761 3892 uostris,
780 3824 884 3876 Aeueiu
901 3821 1006 3877 nutrice.

107 3927 144 3992 Si
165 3950 236 3992 vero
257 3928 393 4014 ¹quoquc'
416 3929 460 3993 ad
480 3929 654 3995 ablativum
674 3950 783 3994 casum
799 3928 996 4014 respoudeat,
1018 3930 1077 3992 erit
1093 3947 1278 4012 prouomeu,

105 4036 142 4093 ut
160 4036 240 4111 puta
261 4051 292 4110 ,a
313 4028 447 4115 quoque’.
490 4029 607 4110 ‘porro’
629 4031 659 4094 si
679 4029 805 4111 ,verum'
825 4029 993 4115 siquificat,
1016 4030 1076 4093 erit
1091 4029 1277 4106 couiumtio,

105 4135 140 4193 ut
157 4137 240 4210 puta
258 4150 364 4211 ,porro
386 4129 516 4211 autcm';
541 4133 572 4195 si
591 4152 663 4195 vero
683 4131 799 4212 ‘porro’
817 4130 924 4215 tiouqe’
945 4130 1115 4216 siquificat,
1137 4130 1197 4192 crit
1219 4128 1276 4193 ad·
