3030 4838
744 307 949 370 ,43-

269 483 356 565 quod
373 483 560 547 vertendum
584 488 645 547 est:
672 485 732 560 ,du
756 484 828 546 bast
845 484 927 547 noch
956 485 994 547 10
1009 480 1115 546 Minen
1137 501 1200 544 von
1217 481 1290 562 mir,
1317 481 1435 545 rechne

264 603 325 646 nur
347 583 441 660 nach,
465 603 560 645 wenn
584 583 627 646 du
650 582 772 646 willst¹‘.
824 583 929 661 Quam
953 582 1050 646 aliam
1072 581 1252 662 particulae
1274 580 1434 662 significa·

264 681 383 744 tionem
413 681 466 744 hic
488 682 581 745 nobis
610 681 771 762 fingamus
799 688 897 763 atque
920 681 1077 762 „vvolle“?
1128 681 1317 744 Rectissime
1340 679 1435 761 igitur

265 800 338 844 mea
360 781 536 854 sententia,
559 781 645 863 quod
669 781 710 845 ad
733 781 887 844 eiusmodi
910 800 1020 845 versus
1040 779 1173 858 attinet,
1201 779 1369 858 Ussingius
1392 778 1434 841 ad

263 880 381 962 Amph.
405 901 434 944 v.
459 882 519 944 017
549 881 719 945 iudicavit:
748 880 810 961 ¹ccl’
839 882 927 964 apud
956 881 1158 964 imperatioos
1183 876 1252 960 fere
1279 877 1364 942 idem
1392 883 1435 940 est

262 980 346 1060 quod
366 979 491 1060 ι133(1ο’;
521 981 670 1062 quamvis
701 1001 760 1061 ego
789 1000 847 1062 pro
876 980 967 1044 modo
996 999 1177 1061 supponere
1205 979 1252 1041 sis
1274 977 1432 1041 mavelim.

263 1079 434 1159 Langenus
465 1099 542 1142 vero
570 1099 635 1143 non
667 1083 752 1143 recte
782 1080 898 1155 sensit,
929 1099 1000 1143 cum
1032 1079 1297 1160 interpretaretur
1325 1097 1357 1158 p.
1382 1077 1434 1140 70:

266 1179 328 1256 ,du
349 1179 422 1243 hast
444 1179 527 1243 noch
553 1181 591 1243 10
614 1179 719 1242 Minen
752 1199 815 1242 von
846 1180 924 1257 mir,
954 1180 1032 1242 oder
1060 1198 1154 1241 wenn
1184 1178 1228 1240 du
1256 1175 1317 1238 mir
1347 1175 1436 1238 nicht

264 1278 402 1358 glauben
426 1279 535 1355 willst,
557 1299 593 1342 so
614 1278 732 1342 rechne
756 1279 885 1342 lieber“.
934 1278 1016 1342 Nam
1040 1277 1065 1341 si
1087 1297 1193 1359 neque
1215 1277 1337 1339 incerta
1360 1295 1436 1356 sup·

262 1378 388 1460 plemus
410 1382 441 1442 et
462 1377 494 1440 id
517 1378 604 1460 quod
629 1379 782 1442 traditum
808 1383 854 1441 est
877 1379 921 1441 ita
942 1381 979 1441 ut
1001 1377 1156 1458 scriptum
1177 1375 1313 1455 legimus
1335 1375 1433 1439 inter-

262 1482 446 1559 pretamur,
474 1481 530 1541 aut
558 1476 651 1541 fallor
682 1482 738 1541 aut
767 1477 911 1558 cogimur
933 1478 979 1540 ccl
1001 1475 1226 1557 imperativum
1249 1493 1434 1554 agnoscere.

263 1578 296 1641 Si
325 1577 397 1659 quis
425 1581 533 1640 autem
566 1577 705 1641 miratur
733 1581 780 1641 ccl
808 1577 1033 1658 imperativum
1066 1595 1125 1657 per
1153 1575 1332 1656 asyndeton
1362 1594 1435 1638 cum

263 1678 326 1741 alio
349 1677 538 1759 imperativo
561 1677 727 1758 coniungi,
751 1678 890 1758 primum
914 1676 1043 1758 quidem
1068 1675 1213 1739 conferat
1235 1674 1313 1738 illud
1335 1675 1437 1738 velitis

264 1777 414 1854 iubentis,
445 1776 531 1857 quod
558 1776 666 1840 Livius
694 1778 743 1854 38,
756 1778 797 1840 54
825 1776 959 1840 fortasse
989 1795 1028 1838 ex
1057 1775 1127 1856 ipso
1156 1774 1282 1838 Valerio
1304 1774 1436 1837 Antiate

267 1880 431 1957 sumptum
454 1875 599 1956 praebet.
652 1875 711 1939 Hic
743 1875 839 1956 igitur
868 1876 1106 1955 coniunguntur
1134 1873 1199 1937 duo
1229 1873 1435 1950 coniunctivi,

264 1975 295 2039 in
326 1977 374 2039 ccl
408 1980 491 2060 puta
521 1976 597 2047 ,duo
635 1975 832 2057 imperativi,
871 1994 954 2055 quae
995 1978 1043 2037 est
1074 1973 1224 2037 attractio
1254 1971 1435 2035 modorum.

263 2074 389 2137 Pariter
411 2077 519 2137 autem
543 2077 575 2137 et
598 2076 701 2138 uelitis
724 2078 756 2137 et
776 2075 823 2137 sel
846 2073 975 2138 iussioni
997 2073 1162 2137 stimulum
1187 2072 1340 2135 adiciunt.
1375 2071 1436 2134 De·

264 2174 361 2256 nique
384 2174 515 2238 feliciter
537 2174 661 2252 accidit,
686 2174 772 2255 quod
795 2174 880 2255 apud
899 2174 1085 2237 Petronium
1107 2192 1177 2253 cap.
1195 2173 1236 2236 70
1251 2171 1318 2235 init.
1335 2172 1436 2235 verba

263 2274 398 2354 legimus
413 2274 511 2337 haec:
536 2274 677 2338 Necdum
697 2276 846 2354 liniarum
861 2295 1044 2354 sermonem,
1067 2294 1137 2337 cum
1156 2270 1348 2334 Trimalchio
1372 2272 1418 2334 311
1426 2293 1436 2332 .·

262 2375 306 2436 113
322 2394 459 2437 crescam
475 2376 681 2458 patrimonio,
704 2394 765 2437 uon
785 2395 920 2457 corpore,
943 2380 978 2436 ut
993 2374 1054 2436 istu
1071 2391 1161 2436 cocus
1177 2389 1264 2434 meus
1282 2369 1321 2432 de
1338 2389 1436 2452 porco

260 2472 344 2556 fecit.
370 2471 443 2537 Non
462 2479 561 2553 potest
582 2494 644 2536 csse
660 2475 832 2557 pretiosior·
853 2473 950 2536 home.
988 2472 1141 2549 Vulneris,
1164 2471 1202 2534 dc
1224 2472 1318 2534 vulva
1337 2469 1436 2549 faciet

261 2575 387 2659 piscem.
420 2573 516 2651 Quod
537 2573 673 2636 uolucris
695 2573 913 2652 gratissimum
933 2573 1072 2636 obvenit.
1105 2570 1219 2634 Nonne
1239 2569 1325 2633 enim
1348 2568 1434 2631 idem

264 2678 310 2738 est
333 2692 371 2738 ao
393 2673 418 2736 si
441 2673 575 2736 Plautus
598 2671 729 2735 dixisset
750 2674 821 2735 oct?
869 2673 982 2753 Itaque
1005 2672 1101 2736 etiam
1125 2670 1187 2735 hoc
1209 2668 1339 2733 Petroni
1363 2668 1434 2732 loco

264 2773 353 2838 verbi
376 2771 453 2836 nelle
474 2772 578 2835 forma
599 2791 656 2852 per
679 2773 856 2853 asyndeton
878 2772 1096 2853 praemittitur
1117 2770 1282 2851 habetque
1305 2786 1434 2832 sensum

266 2870 535 2936 condicionalem!

347 2970 518 3034 Praeterea
549 2969 661 3032 eodem
696 2969 811 3047 mod0‚
844 2989 910 3050 quo
944 2969 999 3047 cel,
1034 2989 1107 3033 cum
1129 2967 1311 3049 imperativi
1334 2964 1435 3029 altera

265 3090 404 3153 persona
437 3069 586 3150 coniungi
618 3070 721 3134 solent
764 3069 810 3150 (ut
854 3069 917 3132 alia
958 3069 1121 3147 omittam,
1162 3086 1247 3149 quae
1283 3067 1325 3128 ad
1367 3085 1433 3128 rem

266 3169 552 3233 demonstrandam
596 3169 719 3233 minimi
759 3170 913 3232 momenti
955 3168 1040 3248 sunt)
1079 3173 1111 3232 et
1153 3171 1222 3246 ape'
1241 3184 1313 3229 cum
1348 3164 1435 3246 apud

265 3269 345 3332 alios
373 3272 441 3332 turn
472 3268 559 3350 apud
582 3268 733 3332 Plautum
768 3268 839 3349 (nisi
870 3269 956 3350 quod
981 3289 1037 3351 aye
1059 3266 1208 3330 omnibus
1237 3264 1437 3346 temporibus

266 3368 447 3450 imperativi
470 3372 620 3431 naturam
645 3367 934 3449 praeseferebat)
958 3372 990 3431 et
1013 3367 1095 3447 sis,¹)
1126 3366 1214 3447 quod
1236 3365 1262 3428 si
1284 3364 1345 3428 boc
1369 3363 1436 3427 Mo·

265 3468 425 3533 stellariae
443 3469 512 3530 loco
529 3488 588 3549 pro
610 3469 657 3531 ccl
675 3468 856 3532 adhibitum
878 3472 969 3541 esset,
992 3466 1122 3529 minime
1138 3465 1339 3528 miraremur.
1373 3463 1437 3526 Sed

268 3567 351 3632 inter
374 3589 430 3649 cpe
452 3569 552 3630 31313
574 3567 635 3630 hoc
658 3568 797 3644 interest,
830 3568 918 3650 quod
938 3588 994 3650 upa
1016 3566 1126 3629 addito
1147 3562 1311 3628 hortativa
1335 3562 1436 3644 impe·

340 3706 366 3773 1)
393 3706 438 3758 Sis
463 3723 522 3759 cum
546 3707 695 3775 imperativi
721 3708 763 3759 vel
789 3708 950 3760 coniunctivi
977 3705 1101 3758 hortativi
1127 3704 1210 3756 altera
1234 3719 1349 3772 persona
1374 3718 1436 3755 con-

267 3793 386 3845 iunctum
410 3792 458 3844 124
477 3792 556 3857 13313,
574 3793 653 3845 sultis
672 3793 762 3845 eodem
789 3793 865 3845 modo
885 3795 1041 3859 usurpatum
1071 3791 1102 3843 13
1129 3791 1194 3843 locis
1221 3789 1292 3858 apud
1312 3789 1435 3842 Plautum

267 3879 409 3930 invenitur.
454 3878 551 3931 liudem
573 3896 680 3931 munere
700 3880 803 3948 plenior
821 3879 905 3931 forma
923 3881 948 3930 31
967 3879 1032 3929 velis
1050 3878 1171 3946 fungitur
1189 3878 1234 3929 Α3.
1253 3877 1304 3928 445
1324 3880 1350 3928 31
1369 3875 1436 3927 Rud.

268 3965 327 4017 834.
353 3965 383 4016 13
403 3965 542 4017 sententiis
560 3966 787 4018 condicionalibus
807 3966 971 4033 plenioribus
982 3966 1007 4016 31
1021 3966 1062 4016 vis
1080 3964 1228 4027 adhibetur,
1246 3965 1299 4016 nisi
1312 3963 1380 4032 quod
1398 3963 1437 4015 bis

267 4050 325 4117 (Α3.
337 4053 386 4106 309
402 4057 428 4104 et
445 4050 508 4116 683)
521 4052 560 4102 313
574 4052 740 4104 enuntiatum
756 4051 938 4104 condicionale
952 4052 1053 4118 incipit.
1085 4051 1169 4103 Semel
1183 4051 1222 4101 313
1235 4065 1293 4101 cum
1311 4050 1436 4102 coniunc-

270 4139 318 4190 tivi
338 4140 462 4192 hortativi
484 4137 567 4206 prima
585 4155 699 4207 persona
719 4139 902 4205 coniungitur:
922 4141 967 4190 As
978 4138 1029 4191 818
1043 4154 1090 4213 ope
1104 4137 1288 4189 decumbamus
1300 4135 1341 4188 313
1352 4142 1436 4202 puter.
