3030 4838
603 317 809 380 ..87-

208 495 243 557 ln
275 493 459 557 universum
498 497 604 557 autem
635 493 697 558 hoo
730 495 828 558 stabit
858 494 1032 559 iudicium:
1065 495 1098 559 Si
1129 496 1296 579 utriusque
1377 487 1380 492 ’

122 594 301 675 particulae
323 613 416 657 usum
438 593 669 658 Terentianum
693 595 960 676 contemplamur,
983 596 1226 660 concedendum
1248 602 1296 661 est

122 712 300 772 eumcum
323 694 473 758 Plautino
495 693 592 775 plane
615 695 811 772 consentire,
843 694 903 758 nisi
934 695 1022 776 quod
1043 695 1213 760 Terentius
1239 705 1296 763 out

123 795 224 858 multo
253 795 397 876 saepius,
426 794 480 866 vd¹
503 794 669 876 aliquanto
697 796 800 859 rarius
829 815 928 878 quam
953 795 1088 859 Plautus
1117 797 1293 879 usurpavit.

122 894 213 972 Quae
242 914 316 959 cum
346 894 391 958 ita
421 895 500 971 sint,
533 894 651 959 erravit
677 915 751 960 mea
777 895 906 977 quidem
930 895 1090 960 sententia
1114 895 1293 978 Langenus,

122 1015 194 1058 cum
219 995 384 1059 contendit
408 994 439 1074 (l.
462 995 538 1076 dp
517 1016 548 1076 .
570 996 609 1059 77
632 994 782 1072 extr.-):,
787 995 895 1059 Schon
919 994 968 1058 bei
991 994 1112 1059 Terenz
1135 997 1295 1062 erscheint

121 1095 275 1159 zuweilen
296 1095 347 1159 die
365 1095 609 1176 ursprungliche
624 1095 813 1176 Bedeulung
829 1115 893 1160 von
908 1098 956 1161 vet
970 1096 1181 1173 verwischt‘k
1205 1101 1294 1162 cuius

121 1197 301 1260 sententiae
327 1196 511 1259 testimonia
540 1196 633 1260 affert
656 1196 741 1260 Eun.
763 1197 823 1260 397
854 1196 920 1276 (ubi
952 1196 1031 1260 falso
1059 1196 1191 1278 „“sogar
1215 1218 1291 1280 sup·

122 1297 244 1378 ponit);
269 1266 770 1371 1081;Heau156·;ffii1n.aaa.
808 1296 1294 1378 Repules,uterillisdelocis

121 1397 239 1461 rectius
261 1396 424 1460 iudicasse
439 1396 596 1460 videatur.

119 1680 205 1754 V11.
238 1680 301 1752 De
323 1689 385 1751 ool
407 1686 448 1753 et
469 1691 545 1751 out
566 1682 778 1773 particulis
797 1685 907 1774 apud
926 1688 1085 1754 ceteros
1105 1684 1292 1756 eiusdem

405 1811 449 1877 et
471 1807 713 1897 posterioris
736 1807 827 1879 aevi
850 1811 1006 1898 poetas

203 1955 222 2039 ,ξ
249 1957 274 2021 1.
315 1958 492 2040 Postquam
523 1977 595 2022 curn
625 1959 729 2024 Plauti
762 1964 795 2024 et
824 1960 952 2024 Terenti
983 1979 1077 2024 usum
1105 1964 1290 2035 tractarem,

122 2058 225 2122 omnis
256 2058 341 2122 locos
362 2059 475 2140 plenos
497 2059 610 2135 citavi,
641 2079 705 2141 quo
728 2059 852 2124 facilius
873 2060 1014 2140 dignosci
1036 2063 1160 2142 posset,
1192 2080 1289 2141 quarn

121 2158 247 2222 diversa
268 2158 393 2223 ratione
408 2159 586 2240 particulae
600 2160 688 2241 apud
702 2159 771 2224 illos
784 2165 959 2242 usurpatae
974 2163 1089 2238 essent,
1112 2179 1198 2224 nunc
1215 2160 1291 2224 satis

121 2258 186 2323 lato
208 2264 306 2340 atque
328 2259 422 2323 firmo
438 2258 650 2323 fundamento
665 2260 769 2342 posito
785 2260 917 2324 celerius
933 2260 1107 2342 procedere
1122 2264 1154 2324 et
1170 2259 1288 2323 citandi

120 2359 317 2440 parsimonia
338 2360 385 2423 uti
407 2378 512 2440 cogor.
547 2359 630 2424 Nam
647 2379 719 2423 cum
737 2359 814 2424 mihi
830 2379 1018 2442 persuasum
1037 2364 1084 2424 est
1099 2379 1170 2424 earn
1190 2379 1289 2441 quarn

119 2459 160 2523 de
180 2459 413 2541 particularum
435 2479 496 2524 usu
516 2460 644 2542 protero
666 2460 858 2525 sententiam
878 2460 1011 2524 adfatim
1028 2459 1182 2542 exemplis
1202 2480 1290 2524 com-

117 2559 290 2641 probatam
314 2580 391 2638 esse,
415 2564 484 2624 tum
508 2580 547 2624 ex
570 2560 616 2625 eis
634 2580 719 2643 quae
733 2561 905 2625 tractanda
920 2565 1092 2642 supersunt
1108 2560 1288 2625 litterarum

117 2660 341 2725 Romanarum
379 2660 582 2741 fragmentis,
622 2661 741 2743 quippe
777 2680 861 2742 quae
896 2660 1129 2725 sententiarum
1166 2681 1289 2725 conexu

117 2764 267 2839 careant,
297 2780 363 2825 non
391 2764 502 2826 tantus
530 2762 681 2826 nimirum
713 2762 835 2826 fructus
864 2760 936 2843 capi
958 2764 1063 2843 potest
1086 2766 1227 2842 quantus
1249 2782 1288 2825 ex

115 2860 221 2924 Plauti
265 2864 296 2925 et
331 2861 461 2926 Terenti
505 2862 656 2927 incolumi
698 2862 824 2926 dicendi
866 2862 1105 2926 consuetudine.
1163 2862 1287 2927 Tamen

116 2960 241 3024 lucrum
275 2962 423 3043 quamvis
455 2963 604 3044 exiguum
636 2963 710 3026 hinc
740 2982 870 3045 quoquc
898 2982 957 3026 nos
986 2962 1187 3044 quaesituros
1219 2983 1287 3027 esse

116 3081 220 3142 spero.
272 3063 385 3143 Itaque
417 3063 527 3126 animo
562 3063 694 3127 collecto
725 3064 767 3128 ad
800 3063 910 3127 ruinas
938 3062 1008 3125 illas
1037 3063 1130 3126 nobis
1160 3063 1287 3127 relictas

116 3162 344 3243 aggrediamur
354 3167 385 3226 et
402 3162 579 3239 videamus,
595 3167 702 3227 utrum
712 3164 903 3228 sententiam
923 3167 1067 3227 nostram
1080 3163 1287 3228 corroborent

115 3280 158 3324 an
179 3262 328 3326 refutent.
362 3263 477 3344 Agitur
499 3280 575 3327 vero
597 3263 754 3345 imprimis
775 3263 814 3327 de
830 3264 1027 3344 tragicorum
1043 3267 1075 3327 et
1090 3264 1284 3328 comicorum

115 3362 338 3427 Romanorum
368 3363 525 3446 reliquiis,
554 3383 691 3445 quarum
724 3364 868 3428 collectio
896 3383 915 3427 a
939 3363 1116 3428 Ribbeokio
1144 3363 1285 3446 perlecta

114 3459 311 3542 inspicienda
333 3469 381 3528 est
410 3462 471 3545 (est
492 3462 571 3526 mihi
593 3463 634 3527 ad
658 3483 790 3527 manum
814 3468 988 3545 utrumque
1010 3464 1161 3528 volumen
1184 3463 1285 3528 tertiis

116 3561 201 3626 curis
229 3583 333 3645 nuper
354 3563 499 3646 editum).
544 3563 626 3628 Cum
649 3565 845 3628 comicorum
868 3563 1056 3645 fragmentis
1077 3583 1116 3627 ea
1138 3564 1285 3647 exempla

113 3680 283 3745 compono,
299 3684 382 3746 quae
398 3665 431 3728 in
442 3664 549 3729 Plauti
567 3664 806 3728 comoediarum
822 3664 962 3746 prologis
977 3667 1121 3740 exstant3
1139 3665 1285 3729 consulto

113 3762 199 3827 enim
221 3783 260 3829 ea
283 3784 385 3846 usque
407 3765 513 3830 adhuc
535 3764 666 3842 retinui,
698 3764 774 3845 quia
796 3765 913 3846 quibus
934 3764 1133 3846 temporibus
1155 3764 1189 3827 hi
1211 3785 1285 3847 pro·

112 3862 176 3944 logi
199 3864 396 3928 attribuendi
417 3865 480 3930 sint
502 3886 616 3948 parum
639 3869 774 3929 constat.
815 3864 938 3929 Deinde
953 3865 1113 3929 accedunt
1129 3884 1177 3941 ea,
1201 3885 1285 3946 quae

112 3963 327 4029 Baehrensius
355 3966 587 4047 conglutinavit
610 3966 702 4031 titulo
726 3966 897 4047 inscripto:
917 3965 1101 4048 frapmeuta
1118 3972 1283 4048 poetarum

112 4062 341 4144 Romanorum,
364 4066 555 4131 coniecturis
571 4067 660 4130 haud
673 4067 718 4131 ila
729 4073 826 4147 s’aepe
838 4065 981 4129 felicibus
992 4065 1133 4140 insertis;
1155 4069 1283 4146 praeter
