3030 4838
646 325 851 389 ..51-

169 501 318 584 Properti
347 502 436 567 locos
464 501 545 566 inira
566 502 628 566 sub
649 520 720 584 cap.
743 503 822 568 VIII.
864 502 937 580 Qua
958 524 993 568 re
1015 503 1207 582 illustratur,
1238 522 1337 586 quam

169 607 237 668 arte
257 601 307 667 vat
329 621 405 667 curn
425 602 526 669 altera
550 622 687 685 persona
711 603 891 668 cohaereat.

249 702 288 766 In
328 702 515 766 universum
548 701 636 783 quod
675 702 718 766 ad
756 701 933 785 particulae
970 701 1186 782 significatum
1217 700 1340 780 attinet,

171 802 386 885 premendum
409 803 457 866 est
484 800 531 864 vel
553 800 687 865 comiter
708 805 739 865 et
759 801 878 866 blande
901 801 979 879 dici,
1008 801 1122 865 eodem
1150 802 1248 866 modo
1276 821 1341 883 quo

171 906 320 967 nostrum
358 920 490 982 ,wenns
527 899 681 979 helieht“,
713 902 789 983 quia
823 902 954 966 alterius
984 902 1176 965 arbitratum
1203 901 1341 982 benigne

171 1002 310 1085 respicit,
332 1002 370 1066 cf.
392 1022 424 1084 p.
447 1002 496 1065 14.

252 1101 402 1183 Denique
423 1101 581 1179 attendas,
603 1099 630 1164 si
652 1099 800 1165 consulas
821 1101 968 1182 exempla
984 1102 1044 1165 sub
1060 1099 1099 1183 ἐξ
1116 1099 1194 1163 1-3
1210 1117 1341 1180 compo-

171 1200 248 1278 sita,
282 1200 332 1262 vel
363 1197 451 1279 apud
472 1197 624 1261 Plautum
659 1198 691 1261 in
723 1199 888 1262 sententiis
920 1199 1077 1280 negativis
1111 1197 1242 1263 omnino
1275 1216 1341 1260 non

171 1303 315 1371 exstare;
344 1315 451 1379 neque
480 1295 684 1378 exceptiones
714 1295 810 1359 huius
840 1296 917 1377 legis
940 1295 1082 1359 invenies
1104 1295 1165 1359 nisi
1187 1294 1247 1358 suh
1270 1292 1288 1374 ἕ
1309 1294 1339 1356 4.

172 1397 277 1475 Quam
312 1394 463 1478 equidem
497 1395 755 1459 observationem
791 1400 823 1461 et
849 1397 952 1477 ipsam
988 1395 1211 1477 gravissimam
1243 1399 1339 1475 puto;

171 1498 300 1559 tantum
322 1493 409 1557 enirn
427 1491 523 1557 huius
544 1496 593 1557 ccl
613 1497 731 1558 natura
753 1494 955 1559 cohortativa
973 1493 1083 1573 valuit.
1106 1497 1143 1557 ut
1158 1493 1201 1557 ad
1223 1492 1340 1557 dehor-

172 1592 312 1657 tationes
347 1590 408 1655 nisi
440 1590 649 1655 disiunctivas
690 1611 756 1654 non
797 1591 889 1656 facile
920 1592 1029 1656 referri
1060 1595 1177 1674 posset.
1232 1592 1341 1673 Atque

173 1690 371 1755 concinnunt
389 1689 487 1754 etiam
505 1708 591 1771 quae
612 1688 673 1752 sub
695 1688 732 1770 ἐξ
748 1690 849 1771 hsqq.
862 1693 1025 1770 congesta
1046 1694 1130 1754 sunt.

254 1811 276 1893 ὅ
305 1809 338 1875 3.
382 1812 489 1894 Atque
517 1816 609 1876 amat
636 1813 682 1875 cel
711 1813 789 1894 poni
820 1813 909 1877 iuxta
945 1814 1169 1895 imperativum
1201 1814 1234 1876 et
1264 1831 1340 1875 eon·
1449 1801 1481 1837 ·'

172 1911 350 1976 iunctivum
366 1911 574 1988 hortativum,
596 1910 628 1974 id
644 1911 732 1992 quod
754 1912 836 1976 adeo
857 1912 918 1976 sub
932 1913 1042 1976 oculos
1064 1912 1159 1991 cadit,
1182 1916 1218 1975 ut
1230 1912 1340 1977 omnia

171 2009 250 2075 talia
268 2009 416 2092 exempla
433 2009 658 2091 componenda
673 2010 752 2073 mihi
768 2030 836 2074 esse
853 2011 1031 2075 videantur.
1055 2011 1136 2076 Sunt
1151 2030 1228 2082 vero
1241 2011 1339 2074 haec:

212 2117 327 2181 Asin.
350 2117 411 2181 666
424 2137 471 2198 sq.
495 2117 557 2198 (vel
570 2145 608 2169 =
622 2117 700 2181 oder
722 2137 816 2181 wenn
840 2119 884 2182 du
905 2116 1012 2199 willst)

324 2218 373 2270 Dic
392 2219 475 2286 igitur
494 2234 535 2269 me
552 2219 733 2285 passerculum
752 2218 878 2286 gallinam
897 2219 1058 2270 coturnicem

324 2304 465 2372 Agnellum
484 2303 628 2356 haedillum
647 2309 778 2358 metuam
797 2305 840 2357 dic
857 2320 915 2357 essa
934 2304 974 2357 vel
993 2303 1120 2356 vitellum.

211 2396 323 2462 Asin.
343 2399 405 2463 693
427 2398 536 2462 itidem

327 2497 375 2550 Dic
394 2498 476 2565 igitur
494 2497 553 2550 mad
572 2498 726 2551 aniticulam
745 2499 893 2552 columbam
912 2498 953 2550 vel
972 2498 1100 2551 vitellum.

172 2590 289 2672 quihus
310 2589 438 2654 duobus
460 2590 537 2653 loeis
557 2590 583 2653 si
602 2597 657 2654 aut
678 2591 816 2672 positum
832 2594 923 2669 esset,
944 2610 1056 2654 sensus
1077 2590 1211 2672 paulum
1232 2594 1339 2654 muta-

171 2692 260 2753 retur
268 2691 369 2770 atque
377 2689 568 2753 vertendum
579 2693 678 2753 esset:
700 2690 797 2769 ,oder
811 2690 864 2754 ich
873 2690 936 2753 will
951 2689 1038 2753 mich
1055 2708 1090 2753 so
1106 2688 1337 2755 ausdrnekent

172 2787 234 2853 Sed
255 2787 309 2851 ille
330 2788 384 2870 qui
407 2788 547 2871 loquitur
569 2790 742 2854 verborum
761 2790 949 2854 electionem
966 2809 1031 2854 non
1048 2793 1149 2868 curat,
1172 2790 1229 2854 sed
1248 2789 1339 2854 alteri

171 2887 336 2969 permittit.

212 2995 299 3060 Aul.
322 2994 384 3059 tua
407 2992 775 3076 (vel=meinetwegen,
799 3015 894 3059 wenn
918 2996 961 3060 du
982 2992 1088 3075 willst)

322 3096 400 3148 etiam
418 3097 487 3148 intro
507 3095 582 3161 duce,
600 3095 622 3148 si
640 3096 690 3162 vis,
710 3095 750 3148 101
770 3112 875 3164 gregem
896 3096 1027 3149 venalium

172 3188 225 3253 uhi
238 3187 415 3253 rectissime
426 3188 563 3253 adnotat
573 3187 744 3268 Langenus
756 3188 874 3269 duplex
886 3187 962 3252 velte
978 3187 1185 3251 offensionem
1205 3183 1337 3248 minime

172 3289 343 3369 praehere3
367 3288 406 3351 cf.
427 3287 519 3352 Curc.
542 3288 613 3351 611.
1146 3301 1150 3307 ·

209 3393 297 3459 Aul.
321 3394 381 3458 831
394 3414 442 3475 sq.
465 3393 579 3474 (vel=
593 3394 826 3473 meinetwegen
848 3412 943 3474 sogar
965 3411 1061 3456 wenn
1083 3391 1128 3455 du
1149 3387 1255 3469 willst)

642 3493 690 3545 Vel
710 3492 798 3545 hercle
817 3493 901 3557 enioa,

318 3578 461 3648 Nunquam
479 3580 543 3633 hinc
558 3579 627 3632 feres
646 3596 662 3631 a
681 3595 730 3631 me.

209 3672 357 3737 Bacch.
379 3674 441 3738 961
465 3673 528 3754 (101
541 3701 581 3724 --
594 3692 690 3738 wenn
710 3673 755 3736 du
776 3672 854 3736 Lust
875 3672 950 3735 hest
972 3668 1217 3750 meinetwegen)

223 3804 226 3809 <
319 3771 393 3824 Abeo
413 3772 446 3824 ad
464 3772 550 3825 iorum
569 3773 659 3840 igitur.
684 3801 717 3809 —
741 3771 789 3823 Vel
814 3771 901 3823 hercle
920 3772 948 3823 in
967 3770 1062 3822 malam
1081 3785 1185 3822 crucem
1204 3767 1253 3834 (sc.
1272 3767 1336 3834 abi).

207 3863 354 3929 Bacch.
379 3866 461 3930 1064
472 3885 519 3947 sq.
539 3865 601 3946 (vel
613 3891 652 3916 =
666 3866 745 3930 oder
765 3884 861 3928 wenn
883 3865 928 3929 du
948 3861 1054 3944 willst)

503 3964 579 4031 Nolo,
597 3966 716 4034 inquam,
733 3981 827 4016 aurum
846 3963 969 4017 concredi
987 3963 1059 4015 mihi.

317 4050 366 4103 Vol
386 4050 421 4102 da
439 4050 563 4119 aliquem,
582 4053 627 4120 qui
646 4069 687 4104 me
706 4055 792 4104 servat

170 4144 254 4224 quod
283 4143 459 4221 rectissime
490 4163 510 4209 a
533 4144 686 4226 Langeno
717 4165 844 4209 versum
875 4149 940 4208 est:
971 4143 1069 4225 „oder
1090 4161 1186 4207 wenn
1209 4140 1254 4204 du
1273 4138 1337 4202 mir

169 4240 264 4307 lieber
294 4241 378 4307 doeh
409 4243 468 4308 das
497 4243 578 4309 Geld
607 4245 709 4326 gehen
732 4246 842 4324 willst,
873 4264 909 4309 so
939 4244 1010 4326 gieh
1040 4245 1101 4309 mir
1127 4240 1212 4305 auch
1242 4238 1335 4302 einen

1136 4345 1168 4400 4·
