3030 4838
714 336 755 346 ..
797 244 921 366 74⁴-

276 478 343 542 Ad.
368 478 489 560 36sqq.

374 578 476 641 Quibus
494 595 566 632 nunc
584 579 712 633 sollicitor
730 579 823 634 rebus!
848 579 887 632 Ne
905 583 953 632 aut
970 579 1015 632 ille
1033 579 1125 633 alserit

378 666 432 719 Aut
450 667 554 735 uspiam
574 667 700 720 ceciderit
719 671 766 719 aut
784 667 958 736 praefregerit

374 753 491 822 Aliquid.

316 869 338 951 Q
360 869 434 934 6:
449 889 518 952 cap.
541 871 583 934 IV
604 869 623 952 ἕ
644 872 681 935 6:
704 870 1103 936 aul-aut=modo-modo.

277 977 403 1046 Andr.
424 979 466 1042 86
477 998 547 1060 sqq.

627 1059 776 1113 Phaedrum
795 1071 842 1113 aut
860 1059 972 1113 Oliniam

373 1146 503 1200 Dicebant
521 1151 567 1199 aut
587 1147 753 1200 Nicaretum:
772 1164 833 1200 nem
854 1149 882 1199 hi
900 1152 954 1200 tres
973 1150 1030 1199 tum
1049 1143 1128 1198 simul

377 1234 525 1298 Amabanl3

235 1327 290 1408 qui
310 1346 421 1390 versus
442 1327 475 1390 in
495 1326 582 1391 hunc
603 1346 732 1392 sensum
754 1327 930 1409 accipiendi
946 1331 1037 1392 sunt:
1059 1324 1157 1391 modo
1181 1324 1269 1390 hunc
1281 1343 1413 1388 servum

235 1428 412 1508 interrogat
441 1427 539 1492 modo
571 1428 676 1506 illum,
715 1427 759 1491 illi
788 1447 866 1492 vero
903 1428 1088 1509 discrepant
1117 1426 1324 1491 nominantes
1354 1428 1413 1490 aut

235 1527 420 1592 Phaedrum
461 1533 518 1592 aut
549 1528 686 1593 Cliniam
727 1532 784 1593 aut
815 1528 1011 1593 Nicarelum.
1065 1528 1312 1592 Demonstratur
1350 1527 1413 1590 hoc

237 1629 400 1710 exemplo,
423 1648 488 1711 qua
510 1629 562 1693 via
584 1629 783 1711 duplicatum
807 1636 863 1693 aot
883 1629 944 1693 sibi
967 1647 1131 1693 assumere
1152 1627 1293 1710 poluerit
1313 1626 1412 1708 signi-

237 1728 420 1794 ficationem
443 1729 676 1812 particularum
697 1729 901 1795 modo-modo.

277 1836 401 1900 Andr.
425 1838 465 1901 55
477 1856 547 1919 sqq.

375 1936 450 2000 Quod
469 1937 588 2005 plerique
607 1953 697 1990 omnes
716 1935 818 1990 faciunt
837 1936 1039 2001 adulescentuli,

377 2023 411 2076 Ul
429 2025 546 2076 animum
565 2023 598 2075 ad
618 2023 726 2092 aliquod
745 2023 862 2076 studium
882 2022 1038 2091 adiungant,
1057 2026 1104 2076 aut
1122 2038 1204 2092 equos

376 2111 454 2163 Alere
473 2115 520 2163 aul
538 2126 617 2164 canes
636 2111 670 2163 ad
689 2111 837 2163 venandum
857 2110 955 2163 autad
974 2109 1163 2179 philosophos:

375 2197 480 2255 Horum.
492 2198 537 2250 ille
553 2198 619 2250 nihil
639 2199 743 2266 egregie
761 2201 866 2265 praeter
884 2201 971 2250 cetera

375 2285 507 2339 Studebat
527 2290 552 2338 et
571 2289 659 2339 tamen
678 2285 766 2337 omnia
784 2285 850 2338 haec
867 2284 1043 2337 mediocriter.

279 2378 423 2443 Heaut,
447 2380 487 2443 68
498 2399 545 2462 sq,
665 2379 774 2446 quinte
792 2378 821 2430 in
838 2378 921 2430 tundo
940 2378 1078 2446 conspicer

373 2479 474 2532 Fodere
493 2485 539 2533 aut
557 2497 632 2534 arare
650 2486 697 2535 aut
715 2482 816 2551 aliquid
834 2482 902 2534 ferre
921 2481 1049 2550 denique3

237 2572 275 2636 ci.
298 2591 392 2637 usum
412 2570 599 2638 Plautinum
621 2575 716 2640 Truc.
736 2576 786 2655 51,
810 2596 841 2658 p.
864 2576 913 2640 30.

276 2678 421 2744 Heaul.
443 2681 563 2763 440sq.

374 2780 522 2833 Vehemens
541 2783 569 2835 in
587 2786 727 2852 utramque
746 2786 856 2851 partem,
874 2781 1035 2848 Menedemo,
1054 2797 1082 2834 es
1100 2780 1181 2835 nimis

375 2867 430 2919 Aut
449 2867 574 2936 largitate
591 2870 673 2922 nimia
691 2875 738 2922 aut
756 2870 926 2938 parsimonia.

276 2959 422 3025 Heaut.
443 2960 504 3026 503
519 2981 580 3044 sqq

372 3061 413 3113 Ita
432 3067 610 3130 comparatam
629 3078 687 3116 esse
707 3061 842 3116 hominum
860 3067 982 3115 naturam
1001 3063 1127 3129 omnium,

373 3148 469 3201 Aliena
486 3153 517 3201 ut
535 3150 629 3202 melius
648 3150 755 3203 videant
774 3155 800 3202 et
818 3150 965 3204 diiudicent

374 3235 457 3297 Quam
476 3236 544 3289 sua?
571 3237 613 3289 An
632 3253 662 3290 eo
680 3237 719 3303 fit,
738 3238 800 3306 quia
818 3254 846 3290 re
866 3239 894 3290 in
912 3242 1003 3291 nostra
1022 3243 1069 3291 aut
1088 3237 1185 3305 gaudio

374 3322 470 3374 Sumus
489 3323 638 3391 praepediti
655 3325 736 3377 nimio
756 3325 805 3377 aut
822 3324 1008 3393 aegritudine?

316 3413 475 3479 Phorm.
495 3415 613 3497 243sq.

373 3513 484 3581 Pericle,
503 3515 600 3568 damna
618 3532 727 3584 peregre
746 3516 851 3570 rediens
870 3533 975 3586 semper
995 3532 1084 3570 secum
1103 3517 1216 3586 cogitet:

373 3602 429 3654 Aut
445 3601 484 3653 1111
502 3607 639 3671 peccatum
659 3608 705 3656 aut
723 3604 813 3657 uxoris
832 3608 943 3658 mortem
964 3607 1011 3657 aut
1029 3605 1149 3658 morbum
1166 3603 1246 3657 filiae.

316 3740 420 3823 57:
435 3764 504 3826 cap.
516 3744 559 3808 IV
575 3744 593 3827 Q
610 3746 646 3810 9:
669 3751 725 3810 oct
741 3744 907 3811 interiecto
924 3746 1050 3829 singula
1066 3746 1166 3812 verba
1193 3742 1407 3827 corriguntur.

276 3849 397 3914 Andr.
419 3851 456 3914 41

373 3949 402 4002 Si
420 3951 470 4004 tibi
488 3951 552 4019 quid
571 3951 621 4005 leci
639 3957 685 4006 aul
702 3952 771 4006 facio
791 3951 861 4021 quod
879 3951 986 4020 placeat
1003 3969 1026 4007 e.
1036 3970 1061 4023 q.
1072 3970 1094 4008 s.

275 4035 397 4107 Andr.
424 4044 483 4109 139

372 4141 441 4206 Quid
458 4144 529 4199 leci?
556 4143 624 4208 Quid
643 4146 786 4200 commerui
805 4149 851 4197 aut
868 4145 984 4213 peccavi,
1003 4146 1099 4215 pater?
