3030 4838
657 305 864 369 ..45-

177 482 295 566 quibus
317 502 356 546 ex
378 482 522 548 versibus
542 483 685 548 medium
708 482 902 547 Ritschelius
922 481 1096 547 rectissime
1126 485 1162 546 ut
1186 480 1347 562 glossema

172 583 324 647 eliminat.

254 683 290 746 In
314 681 425 745 Most.
445 702 475 744 v.
497 681 558 746 288
573 684 630 745 aut
643 680 882 763 corruptissimo
896 682 952 745 aut
963 680 1155 762 interpolato
1167 679 1347 743 Schoellius

174 790 230 847 out
245 781 397 857 coniecit:
414 781 470 845 sed
482 781 515 845 id
527 782 614 863 quod
625 782 782 845 mutando
794 781 907 858 effecit,
926 781 1063 861 speciem
1078 780 1144 844 veri
1157 779 1344 843 nonhabet.

254 882 366 945 Most.
393 881 471 944 1057
493 900 558 944 non
581 880 735 944 traditum
761 884 809 943 est
829 880 889 943 nisi
911 885 967 943 aut
985 879 1018 942 in
1040 879 1129 943 initio
1153 898 1275 942 versus

252 981 352 1045 Rud.
373 980 431 1044 149
448 979 480 1042 id
499 980 585 1061 quod
602 980 741 1044 traditur
759 986 814 1042 acet
830 999 899 1042 mea
916 985 960 1042 est
977 980 1083 1062 opinio
1098 979 1162 1042 iam
1182 998 1201 1042 a
1221 978 1344 1042 Merula

171 1079 408 1145 evidentissime
432 1079 639 1143 emendatum
662 1079 760 1142 estin
783 1085 817 1140 ut
835 1099 903 1141 mea
924 1085 968 1141 est
991 1079 1106 1160 opinio.

253 1179 356 1244 Rud.
382 1179 461 1243 1383
483 1178 538 1241 ubi
561 1177 714 1241 traditum
739 1181 802 1241 est:
824 1179 890 1240 iam
912 1178 951 1240 ob
972 1179 1032 1240 isto
1054 1175 1183 1259 auferre
1205 1181 1263 1239 aut
1284 1176 1343 1238 sim

169 1281 197 1342 si
219 1299 292 1360 e.q.
306 1298 341 1354 s.‚
365 1297 384 1340 a
407 1277 512 1340 Leone
531 1277 699 1341 discedens
719 1277 764 1340 sic
786 1277 907 1341 scribo:

316 1378 370 1429 lam
389 1378 421 1429 ab
440 1377 508 1429 istoc
525 1377 628 1428 auferre
648 1376 718 1428 haud
738 1377 831 1441 ausim,
850 1376 873 1428 si
892 1377 980 1428 istunc
1004 1375 1222 1428 condemnavero.

210 1470 319 1535 Trin.
344 1469 383 1534 72
392 1489 462 1551 sqq.

321 1570 387 1621 Nam
406 1569 429 1621 si
447 1569 476 1620 in
495 1572 521 1620 te
540 1572 679 1636 aegrotant
697 1573 768 1620 artes
788 1569 913 1636 antiquae
934 1573 1005 1634 tuae,

321 1656 368 1710 Sin
387 1657 526 1709 immutare
544 1657 583 1708 vis
602 1656 737 1723 ingenium
757 1656 873 1708 moribus

320 1742 375 1793 Aut
394 1742 416 1793 si
436 1742 573 1794 demutant
591 1757 675 1793 mores
694 1742 829 1808 ingenium
849 1745 921 1793 tuom

321 1829 413 1897 Neque
432 1844 476 1880 eos
495 1829 619 1896 antiquos
639 1844 736 1894 servas,
755 1833 796 1880 ast
815 1832 906 1897 captas
925 1844 1007 1881 novos

320 1914 449 1966 Omnibus
469 1914 559 1965 amicis
578 1914 697 1966 morbum
717 1919 746 1966 tu
765 1915 878 1966 incuties
897 1930 1002 1981 gravem
1023 1931 1044 1967 a.
1056 1931 1112 1983 qs.

171 2009 328 2091 optimum
357 2006 514 2070 sermonis
536 2025 690 2070 conexum
714 2007 927 2084 restituimus
957 2007 982 2069 si
1004 2007 1216 2073 Ritschelium
1240 2011 1339 2075 secuti

170 2128 281 2173 versus
309 2106 493 2171 asecundo
522 2125 624 2188 usque
653 2107 694 2170 ad
717 2111 869 2188 quartum
897 2110 932 2171 ut
959 2105 1168 2190 interpolatos
1192 2111 1339 2174 emedio

170 2206 320 2271 tollimus.

254 2305 389 2369 Confido
410 2304 474 2368 iam
506 2304 615 2369 omnia
637 2304 814 2387 particulae
836 2304 983 2384 exempla
1014 2323 1146 2369 excussa
1169 2309 1201 2368 et
1224 2306 1257 2370 in
1287 2327 1337 2370 or·

169 2404 277 2469 dinem
299 2405 451 2469 idoneum
470 2404 623 2486 disposita
646 2425 723 2482 esse,
745 2404 791 2468 ita
813 2409 849 2468 ut
870 2405 910 2468 de
932 2404 999 2469 eius
1021 2425 1080 2469 usu
1101 2406 1233 2487 plenum
1255 2407 1337 2470 iudi·

169 2505 254 2569 cium
275 2506 418 2586 proferre
440 2505 543 2569 liceat.
582 2504 691 2586 Atque
712 2510 769 2569 aut
791 2504 883 2568 fallor
904 2508 961 2568 aut
981 2505 1043 2569 hoc
1065 2505 1183 2570 iudicio
1207 2506 1240 2570 id
1262 2525 1337 2570 con·

168 2603 334 2682 firmatur,
355 2603 443 2685 quod
470 2603 503 2668 in
526 2603 641 2685 capitis
662 2603 758 2667 huius
780 2603 869 2667 initio
891 2604 930 2666 de
952 2603 1130 2683 particulae
1160 2603 1192 2666 vi
1214 2604 1247 2667 in
1270 2603 1340 2669 uni·

168 2723 295 2767 versum
334 2703 535 2783 praemonui.
596 2702 766 2766 Omnino
797 2703 899 2765 enim
934 2703 964 2765 si
998 2709 1067 2766 out
1099 2708 1339 2785 usurpatur,

168 2801 393 2866 disiunctio
409 2820 452 2864 ex
472 2801 557 2864 eius
572 2801 639 2882 qui
656 2801 841 2883 loquitur
859 2821 979 2865 sensu
1003 2806 1041 2866 et
1060 2803 1267 2867 arbitratu
1285 2803 1340 2866 in·

168 2899 409 2980 tellegenda
430 2903 492 2963 est
514 2920 643 2982 neque
663 2899 777 2963 illius
798 2900 865 2982 qui
888 2901 1127 2982 appellatur
1147 2902 1341 2967 voluntas

169 2998 405 3080 respicitur.

532 3283 583 3357 V.
635 3289 698 3352 Vel
717 3282 969 3355 Plautinum.

251 3431 428 3514 Postquam
451 3432 516 3495 iam
536 3432 757 3513 quaestionem
778 3433 819 3496 de
841 3439 896 3496 aut
917 3431 1096 3513 particulae
1112 3451 1173 3497 usu
1188 3434 1347 3520 Plautino

169 3533 338 3614 usquead
366 3531 462 3595 finem
487 3531 712 3612 perduximus
744 3534 852 3596 omnia
881 3552 966 3614 quae
995 3536 1121 3596 exstant
1141 3533 1188 3597 vel
1210 3535 1340 3616 colliga·

172 3632 265 3705 tionis
287 3631 434 3712 exempla
465 3631 496 3693 in
526 3635 689 3694 certamen
711 3631 956 3709 advocabimus
987 3634 1023 3694 ut
1052 3631 1078 3693 si
1106 3632 1273 3714 utriusque
1294 3635 1340 3697 vis

172 3733 381 3812 comparatur
402 3730 497 3811 plane
521 3734 679 3811 quantum
701 3731 823 3794 intersit
845 3731 978 3795 eluceat.
1028 3730 1109 3795 Cum
1132 3751 1208 3805 vero
1231 3733 1340 3796 adhuc

171 3831 203 3894 in
223 3834 310 3894 terra
331 3829 410 3892 satis
428 3829 629 3910 inexplorata
652 3830 768 3893 versati
790 3830 898 3906 simus
922 3849 1008 3893 nuno
1027 3830 1079 3893 via
1101 3829 1259 3895 calcanda
1281 3835 1339 3908 est,

171 3949 268 4011 quam
293 3929 384 3992 multi
412 3929 477 3991 iam
500 3928 558 3991 viri
584 3928 669 3992 docti
692 3928 994 4010 frequentaverunt3
1029 3928 1119 3991 cuius
1141 3932 1251 3993 tamen
1274 3950 1339 3993 non

170 4048 282 4092 omnes
310 4032 419 4109 partes
448 4027 494 4090 ita
521 4028 666 4091 munitae
694 4028 772 4090 mihi
791 4048 858 4092 esse
879 4029 1047 4106 videntur,
1077 4033 1112 4093 ut
1136 4031 1252 4111 corrigi
1274 4052 1339 4095 non

171 4128 302 4209 possint.
343 4127 406 4190 Sed
428 4127 510 4190 adeo
532 4147 653 4204 eorum,
675 4129 729 4208 qui
752 4133 1000 4206 antecesserunt,
1024 4128 1155 4208 vestigia
1178 4150 1244 4193 non
1267 4151 1338 4212 pre-
