3030 4838
650 288 855 351 ...17-

169 467 272 549 posito
295 464 475 528 Huelsenus
497 485 530 528 se
551 467 706 528 tesseram
726 465 811 529 illam
836 466 900 530 suis
921 466 1022 530 oculis
1052 466 1225 548 inspexisse
1242 467 1339 548 signi·

169 565 254 629 ficat.
310 565 423 646 ltaque
454 584 558 645 neque
589 565 801 646 apographon
832 566 970 647 imperiti
1002 565 1168 630 cuiusdam
1200 565 1339 631 hominis

169 684 293 727 errasse
313 683 418 744 neque
440 664 539 726 calcis·
555 668 680 744 partem
700 664 864 729 dexteram
882 665 1100 746 praefractam
1124 685 1192 729 esse
1210 666 1339 730 credere

169 764 252 829 licet.
296 763 387 840 Quae
411 783 483 826 cum
507 763 551 827 ita
573 765 646 837 sint,
681 784 812 828 causam
836 765 918 828 illius
941 765 1149 829 detractionis
1170 784 1270 846 quam
1293 765 1339 830 af·

169 863 271 926 ieram
292 882 358 925 non
381 862 494 925 habeo.
537 862 639 926 Immo
663 864 807 944 cogimur
836 883 895 927 nos
925 865 1089 928 continere
1118 863 1150 926 in
1181 865 1226 928 eis
1255 885 1339 946 quae

169 960 308 1025 traditae
322 964 399 1024 sunt
416 961 537 1037 litteris
561 962 663 1043 iisque
685 967 853 1026 contentus
870 982 952 1035 sum,
976 964 1095 1044 quippe
1112 982 1196 1044 quae
1209 983 1337 1027 sensum

168 1060 248 1123 satis
272 1065 385 1140 aptum
405 1061 602 1142 praebeant,
626 1065 724 1143 atque
747 1081 860 1127 censeo
880 1081 998 1143 purum
1021 1066 1120 1142 atque
1142 1065 1256 1144 putum
1280 1063 1339 1125 im·

169 1159 352 1240 perativum
376 1160 422 1222 cel
447 1160 509 1223 hac
532 1164 651 1224 tessera
675 1161 838 1242 usquead
861 1164 1003 1224 nostram
1020 1165 1159 1225 aetatem
1175 1166 1337 1225 servatum

170 1278 247 1322 esse.
291 1258 382 1335 Quae
404 1258 594 1338 significatio
616 1261 658 1323 ad
680 1260 791 1324 ludum
814 1260 1068 1324 latrunculorum
1092 1261 1259 1343 aptissima
1281 1264 1338 1338 est,

169 1378 246 1422 nam
271 1377 343 1421 cum
375 1358 471 1421 aliam
493 1362 647 1426 tesseram
670 1360 878 1438 conferimus,
909 1361 959 1424 cui
981 1362 1121 1424 moraris
1149 1361 1338 1442 inscriptum

171 1464 235 1531 est,
259 1460 305 1522 ael
327 1459 371 1522 sic
393 1459 458 1522 fere
480 1458 661 1539 intellegere
680 1459 767 1524 lieet:
796 1463 824 1524 ce'
848 1460 969 1544 placet,
997 1461 1042 1524 cie
1063 1463 1194 1541 calcem,
1216 1481 1339 1525 moram

171 1565 284 1622 excute.

254 1674 324 1739 Hoc
340 1675 436 1755 igitur
450 1678 498 1737 est
512 1673 590 1736 illud
605 1675 659 1752 ael,
675 1675 761 1755 quod
779 1675 865 1756 apud
882 1675 1034 1738 Plautum
1051 1675 1338 1758 deprehendemus.

171 1774 256 1851 Quin
287 1775 382 1838 etiam
406 1774 533 1837 conlido
564 1793 614 1837 me
635 1773 667 1836 in
687 1773 793 1839 Plauti
823 1775 996 1838 comoediis
1017 1795 1145 1839 versum
1167 1794 1269 1838 unum
1292 1775 1340 1837 in·

170 1875 304 1956 venisse,
327 1894 392 1956 quo
413 1877 460 1937 ael
483 1873 582 1936 ferme
604 1874 718 1937 eodem
742 1875 838 1938 modo
860 1875 979 1955 inipso
1002 1875 1078 1938 ludo
1100 1875 1190 1938 aleae
1213 1875 1339 1938 citatur.

169 1975 286 2056 Agitur
316 1975 356 2038 de
386 1974 478 2038 Curc.
509 1997 540 2040 v.
563 1974 641 2051 611,
674 1973 730 2037 ubi
759 1973 909 2037 Curculio
938 1974 1100 2055 parasitus
1129 1974 1260 2037 militem
1291 1973 1341 2036 his

170 2075 277 2139 verbis
296 2076 328 2138 in
353 2078 457 2140 aleam
481 2077 654 2157 provocat:

463 2192 490 2244 Si
511 2193 550 2244 vis
569 2191 655 2242 tribus
675 2190 751 2254 helie,
772 2188 822 2254 vel,
841 2189 869 2240 in
888 2188 1067 2256 chlamydem

171 2296 213 2359 ad
238 2315 335 2376 quem
359 2314 484 2357 versum
509 2293 689 2358 Gronovius
710 2292 916 2357 Tauhmanni
939 2291 1046 2355 verbis
1066 2290 1217 2354 adnotat:
1240 2291 1342 2355 tribas

171 2395 250 2458 hoh‘s
272 2396 293 2458 i.
313 2416 337 2458 e.
360 2396 496 2459 talorum
517 2395 662 2458 iactibus.
712 2393 756 2456 Ia
778 2389 986 2474 chlamydem]
1014 2391 1078 2454 scil.
1096 2396 1238 2474 paratas
1268 2410 1341 2455 sam

173 2495 292 2559 ladere.
336 2494 502 2574 Ussingius
524 2494 772 2574 interpretatur:
803 2491 886 2573 Ape,
908 2492 1028 2576 inquit,
1061 2492 1213 2555 sinleum
1234 2511 1341 2555 somno

172 2602 225 2658 tao
246 2596 457 2678 interruptam
479 2593 662 2657 continuari
689 2595 754 2672 ais,
784 2601 924 2677 paratas
946 2613 1026 2656 sam.
1081 2591 1158 2655 Tres
1184 2590 1341 2673 faciemus

173 2695 255 2760 balas
276 2695 339 2757 sive
360 2695 462 2756 iactas
492 2690 541 2772 (cf.
565 2692 649 2756 Rud.
673 2690 756 2773 360).
814 2691 912 2756 Veli.
936 2713 958 2755 e.
983 2691 1116 2775 exempli
1137 2711 1234 2754 caasa
1256 2689 1341 2754 chla-

173 2795 296 2876 mydem
317 2801 404 2858 taram
425 2813 575 2876 apponas.
607 2791 712 2870 Quam
729 2791 856 2872 Ussingi
878 2791 1072 2856 sententiam
1094 2810 1134 2854 ne
1156 2809 1340 2873 sequamur,

172 2894 323 2976 prohibet
336 2914 403 2969 nos
423 2897 510 2973 puta,
530 2892 682 2974 loquendi
694 2912 788 2965 usus;
811 2911 887 2955 nam
900 2911 973 2955 cum
986 2891 1063 2955 iuris
1082 2889 1216 2954 consulti
1236 2889 1342 2952 dicere

173 2994 256 3057 soliti
269 2994 333 3057 sint
348 2994 560 3076 inpecmn'am
571 2992 687 3069 ludere,
711 2992 752 3055 ad
764 2991 870 3054 Plauti
887 3010 1067 3054 sermonem
1084 2990 1250 3070 vulgarem
1268 3007 1342 3052 mea

174 3093 304 3175 quidem
317 3092 475 3155 sententia
486 3092 619 3173 propius
629 3092 754 3155 accedit
766 3091 843 3154 illud
857 3091 895 3154 dc
909 3091 991 3154 corio
1007 3111 1064 3154 sao
1082 3088 1161 3170 (sive
1175 3090 1258 3153 caria
1271 3086 1341 3166 saa)

174 3193 281 3256 ludere
297 3193 402 3271 (Mart.
419 3191 458 3254 lll
478 3192 524 3267 16,
537 3191 566 3254 4.
597 3191 683 3254 Tert.
704 3190 744 3254 de
762 3191 835 3272 pall.
855 3192 886 3271 3)
909 3194 941 3254 et
958 3191 1000 3253 illi
1019 3190 1216 3253 contrarium
1234 3187 1343 3251 ludere

174 3291 212 3354 de
237 3292 340 3355 aliena
361 3292 444 3354 cario
473 3289 580 3372 (Apul.
604 3295 678 3354 met.
703 3291 763 3353 Vll
789 3289 848 3367 11).
899 3291 1014 3371 ltaque
1045 3289 1144 3353 verba
1166 3288 1218 3352 illa
1240 3290 1288 3352 ael
1307 3288 1343 3349 in

173 3390 367 3471 chlamydem
391 3390 453 3453 alia
474 3391 598 3454 ratione
622 3390 753 3471 explico,
804 3390 920 3469 lingas
941 3388 1010 3466 tibi,
1032 3407 1162 3469 quaese,
1186 3407 1237 3451 res
1258 3406 1343 3468 quae

173 3489 206 3552 in
229 3508 325 3552 scena
348 3494 503 3570 aguntur:
535 3489 624 3552 miles
646 3488 778 3552 tandem
803 3489 834 3550 in
857 3487 1052 3569 parasitum,
1082 3506 1178 3568 quem
1202 3485 1256 3549 diu
1279 3485 1342 3548 iam

174 3588 348 3668 quaesivit,
376 3589 496 3653 incidit.
547 3588 695 3652 Curculio
718 3593 845 3662 autem,
876 3586 1024 3668 quamvis
1051 3585 1197 3649 conscius
1218 3584 1342 3664 culpae,

173 3687 230 3750 sed
255 3691 289 3750 ut
311 3691 358 3749 est
374 3687 512 3751 insolens
534 3693 566 3751 et
581 3688 726 3764 lascivus,
746 3707 779 3750 se
797 3687 901 3750 aleam
918 3692 1014 3749 antea
1030 3685 1243 3765 interruptam
1267 3702 1343 3747 con-

173 3786 301 3850 tinuare
325 3787 404 3850 velle
419 3786 573 3851 simulans
595 3789 625 3850 si
646 3788 703 3863 vis,
728 3787 839 3867 inquit,
857 3790 1000 3868 paratas
1020 3803 1090 3846 sam
1112 3783 1228 3847 ludere.
1271 3781 1344 3845 Tris

174 3885 256 3949 balaa
270 3886 431 3963 faciemus.
463 3889 531 3970 Aye
545 3907 584 3950 ne
599 3908 688 3950 naara
703 3885 883 3965 intercedat,
900 3882 1093 3964 chlamydem
1109 3881 1199 3946 hami
1209 3890 1343 3959 sternas

173 4007 251 4049 marn
273 3985 382 4048 labala
403 3986 447 4049 ad
470 4006 601 4049 mamam
622 4008 687 4049 aaa
712 3991 765 4049 est.
810 3984 959 4047 Ceterum
990 4000 1227 4068 quemcumque
1256 3981 1345 4045 chla-

176 4085 280 4166 mydis
302 4105 395 4149 usum
419 4085 606 4162 statuimuS,
637 4085 777 4149 dubitari
802 4087 887 4146 certe
910 4101 973 4146 non
996 4086 1117 4163 potest,
1150 4082 1227 4163 quin
1256 4081 1344 4173 cela

1143 4213 1164 4289 2
