<?xml version="1.0" encoding="UTF-8"?>
<!DOCTYPE html PUBLIC "-//W3C//DTD XHTML 1.0 Transitional//EN"
    "http://www.w3.org/TR/xhtml1/DTD/xhtml1-transitional.dtd">
<html xmlns="http://www.w3.org/1999/xhtml" xml:lang="en" lang="en">
 <head>
  <title>
</title>
<meta http-equiv="Content-Type" content="text/html;charset=utf-8" />
  <meta name='ocr-system' content='tesseract 3.04.00' />
  <meta name='ocr-capabilities' content='ocr_page ocr_carea ocr_par ocr_line ocrx_word'/>
</head>
<body>
  <div class='ocr_page' id='page_1' title='image "./develimperativo00kohlgoog_0065.png"; bbox 0 0 3030 4838; ppageno 0'>
   <div class='ocr_carea' id='block_1_1' title="bbox 733 298 938 363">
    <p class='ocr_par' dir='ltr' id='par_1_1' title="bbox 733 298 938 363">
     <span class='ocr_line' id='line_1_1' title="bbox 733 298 938 363; baseline -0.01 -18"><span class='ocrx_word' id='word_1_1' title='bbox 733 298 938 363; x_wconf 70' lang='lat'>„56-</span> 
     </span>
    </p>
   </div>
   <div class='ocr_carea' id='block_1_2' title="bbox 274 475 547 558">
    <p class='ocr_par' dir='ltr' id='par_1_2' title="bbox 274 475 547 558">
     <span class='ocr_line' id='line_1_2' title="bbox 274 475 547 558; baseline 0.007 -19"><span class='ocrx_word' id='word_1_2' title='bbox 274 475 384 540; x_wconf 90' lang='lat' dir='ltr'>Trin.</span> <span class='ocrx_word' id='word_1_3' title='bbox 408 476 488 541; x_wconf 87' lang='lat'>1053</span> <span class='ocrx_word' id='word_1_4' title='bbox 499 495 547 558; x_wconf 92' lang='lat' dir='ltr'>sq.</span> 
     </span>
    </p>
   </div>
   <div class='ocr_carea' id='block_1_3' title="bbox 385 575 1327 730">
    <p class='ocr_par' dir='ltr' id='par_1_3' title="bbox 385 575 1327 730">
     <span class='ocr_line' id='line_1_3' title="bbox 387 575 1256 644; baseline 0.001 -16"><span class='ocrx_word' id='word_1_5' title='bbox 387 575 416 628; x_wconf 91' lang='lat' dir='ltr'>Si</span> <span class='ocrx_word' id='word_1_6' title='bbox 434 591 510 643; x_wconf 89' lang='lat' dir='ltr'>mage</span> <span class='ocrx_word' id='word_1_7' title='bbox 529 576 633 643; x_wconf 81' lang='lat' dir='ltr'>exigere</span> <span class='ocrx_word' id='word_1_8' title='bbox 653 575 778 644; x_wconf 89' lang='lat' dir='ltr'>occipias,</span> <span class='ocrx_word' id='word_1_9' title='bbox 798 575 909 627; x_wconf 84' lang='lat' dir='ltr'>duarum</span> <span class='ocrx_word' id='word_1_10' title='bbox 928 590 1015 627; x_wconf 87' lang='lat' dir='ltr'>rerum</span> <span class='ocrx_word' id='word_1_11' title='bbox 1034 576 1152 628; x_wconf 80' lang='lat' dir='ltr'>exoritur</span> <span class='ocrx_word' id='word_1_12' title='bbox 1169 576 1256 644; x_wconf 86' lang='lat' dir='ltr'>optio:</span> 
     </span>
     <span class='ocr_line' id='line_1_4' title="bbox 385 660 1327 730; baseline 0.002 -17"><span class='ocrx_word' id='word_1_13' title='bbox 385 660 433 714; x_wconf 89' lang='lat' dir='ltr'>Vel</span> <span class='ocrx_word' id='word_1_14' title='bbox 451 661 519 714; x_wconf 90' lang='lat' dir='ltr'>illud</span> <span class='ocrx_word' id='word_1_15' title='bbox 538 661 608 730; x_wconf 91' lang='lat' dir='ltr'>quod</span> <span class='ocrx_word' id='word_1_16' title='bbox 628 661 772 714; x_wconf 83' lang='lat' dir='ltr'>credideris</span> <span class='ocrx_word' id='word_1_17' title='bbox 790 660 887 729; x_wconf 86' lang='lat' dir='ltr'>perdas</span> <span class='ocrx_word' id='word_1_18' title='bbox 905 661 946 714; x_wconf 88' lang='lat' dir='ltr'>vel</span> <span class='ocrx_word' id='word_1_19' title='bbox 967 661 1041 713; x_wconf 93' lang='lat' dir='ltr'>illum</span> <span class='ocrx_word' id='word_1_20' title='bbox 1059 662 1173 714; x_wconf 88' lang='lat' dir='ltr'>amicum</span> <span class='ocrx_word' id='word_1_21' title='bbox 1191 663 1327 727; x_wconf 82' lang='lat' dir='ltr'>amiseris3</span> 
     </span>
    </p>
   </div>
   <div class='ocr_carea' id='block_1_4' title="bbox 234 752 1406 1049">
    <p class='ocr_par' dir='ltr' id='par_1_4' title="bbox 234 752 1406 1049">
     <span class='ocr_line' id='line_1_5' title="bbox 234 752 1406 836; baseline 0.003 -18"><span class='ocrx_word' id='word_1_22' title='bbox 234 752 268 818; x_wconf 87' lang='lat' dir='ltr'>in</span> <span class='ocrx_word' id='word_1_23' title='bbox 299 756 362 819; x_wconf 87' lang='lat' dir='ltr'>hoe</span> <span class='ocrx_word' id='word_1_24' title='bbox 392 758 424 818; x_wconf 91' lang='lat' dir='ltr'>et</span> <span class='ocrx_word' id='word_1_25' title='bbox 455 756 489 820; x_wconf 91' lang='lat' dir='ltr'>in</span> <span class='ocrx_word' id='word_1_26' title='bbox 511 755 713 821; x_wconf 76' lang='lat' dir='ltr'>antecedenti</span> <span class='ocrx_word' id='word_1_27' title='bbox 746 775 840 819; x_wconf 89' lang='lat' dir='ltr'>versu</span> <span class='ocrx_word' id='word_1_28' title='bbox 876 755 973 836; x_wconf 83' lang='lat' dir='ltr'>(Rud.</span> <span class='ocrx_word' id='word_1_29' title='bbox 996 752 1072 836; x_wconf 84' lang='lat'>991)</span> <span class='ocrx_word' id='word_1_30' title='bbox 1096 755 1295 831; x_wconf 68' lang='lat' dir='ltr'>‚observatur</span> <span class='ocrx_word' id='word_1_31' title='bbox 1326 776 1406 821; x_wconf 88' lang='lat' dir='ltr'>sane</span> 
     </span>
     <span class='ocr_line' id='line_1_6' title="bbox 234 854 1404 937; baseline 0.003 -19"><span class='ocrx_word' id='word_1_32' title='bbox 234 854 381 937; x_wconf 85' lang='lat' dir='ltr'>praecisa</span> <span class='ocrx_word' id='word_1_33' title='bbox 403 855 589 920; x_wconf 90' lang='lat' dir='ltr'>disiunctio:</span> <span class='ocrx_word' id='word_1_34' title='bbox 611 855 637 918; x_wconf 90' lang='lat' dir='ltr'>si</span> <span class='ocrx_word' id='word_1_35' title='bbox 654 855 790 920; x_wconf 88' lang='lat' dir='ltr'>alterurn</span> <span class='ocrx_word' id='word_1_36' title='bbox 806 854 912 918; x_wconf 91' lang='lat' dir='ltr'>locum</span> <span class='ocrx_word' id='word_1_37' title='bbox 929 854 1039 933; x_wconf 85' lang='lat' dir='ltr'>habet,</span> <span class='ocrx_word' id='word_1_38' title='bbox 1062 854 1197 919; x_wconf 89' lang='lat' dir='ltr'>alterum</span> <span class='ocrx_word' id='word_1_39' title='bbox 1215 856 1404 921; x_wconf 81' lang='lat' dir='ltr'>excluditur.</span> 
     </span>
     <span class='ocr_line' id='line_1_7' title="bbox 235 952 1405 1049; baseline 0.001 -31"><span class='ocrx_word' id='word_1_40' title='bbox 235 952 326 1031; x_wconf 86' lang='lat' dir='ltr'>Quae</span> <span class='ocrx_word' id='word_1_41' title='bbox 368 956 479 1017; x_wconf 89' lang='lat' dir='ltr'>tamen</span> <span class='ocrx_word' id='word_1_42' title='bbox 516 954 672 1049; x_wconf 79' lang='lat' dir='ltr'>asperitas</span> <span class='ocrx_word' id='word_1_43' title='bbox 707 957 754 1020; x_wconf 82' lang='lat' dir='ltr'>vel</span> <span class='ocrx_word' id='word_1_44' title='bbox 792 954 938 1018; x_wconf 90' lang='lat' dir='ltr'>adhibito</span> <span class='ocrx_word' id='word_1_45' title='bbox 979 954 1114 1033; x_wconf 86' lang='lat' dir='ltr'>lenitur,</span> <span class='ocrx_word' id='word_1_46' title='bbox 1154 974 1227 1018; x_wconf 87' lang='lat' dir='ltr'>curn</span> <span class='ocrx_word' id='word_1_47' title='bbox 1266 955 1405 1037; x_wconf 87' lang='lat' dir='ltr'>eligendi</span> 
     </span>
    </p>
   </div>
   <div class='ocr_carea' id='block_1_5' title="bbox 235 1053 1407 1343">
    <p class='ocr_par' dir='ltr' id='par_1_5' title="bbox 235 1053 1407 1343">
     <span class='ocr_line' id='line_1_8' title="bbox 235 1053 1407 1138; baseline 0.002 -21"><span class='ocrx_word' id='word_1_48' title='bbox 235 1056 378 1134; x_wconf 87' lang='lat' dir='ltr'>potestas</span> <span class='ocrx_word' id='word_1_49' title='bbox 405 1053 493 1118; x_wconf 88' lang='lat' dir='ltr'>iuxta</span> <span class='ocrx_word' id='word_1_50' title='bbox 524 1054 592 1117; x_wconf 92' lang='lat' dir='ltr'>eius</span> <span class='ocrx_word' id='word_1_51' title='bbox 624 1055 679 1136; x_wconf 92' lang='lat' dir='ltr'>qui</span> <span class='ocrx_word' id='word_1_52' title='bbox 702 1054 912 1136; x_wconf 85' lang='lat' dir='ltr'>compellatur</span> <span class='ocrx_word' id='word_1_53' title='bbox 933 1054 1101 1119; x_wconf 84' lang='lat' dir='ltr'>arbitrium</span> <span class='ocrx_word' id='word_1_54' title='bbox 1123 1055 1163 1119; x_wconf 87' lang='lat' dir='ltr'>sit</span> <span class='ocrx_word' id='word_1_55' title='bbox 1185 1055 1282 1137; x_wconf 91' lang='lat' dir='ltr'>idque</span> <span class='ocrx_word' id='word_1_56' title='bbox 1314 1056 1407 1138; x_wconf 90' lang='lat' dir='ltr'>quasi</span> 
     </span>
     <span class='ocr_line' id='line_1_9' title="bbox 236 1153 796 1233; baseline 0 -16"><span class='ocrx_word' id='word_1_57' title='bbox 236 1157 422 1233; x_wconf 83' lang='lat' dir='ltr'>urgueatur.</span> <span class='ocrx_word' id='word_1_58' title='bbox 463 1153 587 1217; x_wconf 87' lang='lat' dir='ltr'>Similes</span> <span class='ocrx_word' id='word_1_59' title='bbox 608 1157 683 1218; x_wconf 92' lang='lat' dir='ltr'>sunt</span> <span class='ocrx_word' id='word_1_60' title='bbox 793 1200 796 1207; x_wconf 80' lang='grc'><strong>.</strong></span> 
     </span>
     <span class='ocr_line' id='line_1_10' title="bbox 277 1259 589 1343; baseline 0 -19"><span class='ocrx_word' id='word_1_61' title='bbox 277 1259 423 1325; x_wconf 86' lang='lat' dir='ltr'>Bacch.</span> <span class='ocrx_word' id='word_1_62' title='bbox 448 1261 524 1325; x_wconf 78' lang='lat'>1041</span> <span class='ocrx_word' id='word_1_63' title='bbox 542 1281 589 1343; x_wconf 90' lang='lat' dir='ltr'>sq.</span> 
     </span>
    </p>
   </div>
   <div class='ocr_carea' id='block_1_6' title="bbox 386 1358 1125 1515">
    <p class='ocr_par' dir='ltr' id='par_1_6' title="bbox 386 1358 1125 1515">
     <span class='ocr_line' id='line_1_11' title="bbox 387 1358 1125 1426; baseline -0.001 -15"><span class='ocrx_word' id='word_1_64' title='bbox 387 1359 461 1412; x_wconf 88' lang='lat' dir='ltr'>Duae</span> <span class='ocrx_word' id='word_1_65' title='bbox 480 1360 648 1413; x_wconf 88' lang='lat' dir='ltr'>condiciones</span> <span class='ocrx_word' id='word_1_66' title='bbox 668 1364 744 1412; x_wconf 88' lang='lat' dir='ltr'>sunt:</span> <span class='ocrx_word' id='word_1_67' title='bbox 763 1363 850 1411; x_wconf 90' lang='lat' dir='ltr'>utram</span> <span class='ocrx_word' id='word_1_68' title='bbox 869 1363 899 1410; x_wconf 88' lang='lat' dir='ltr'>tu</span> <span class='ocrx_word' id='word_1_69' title='bbox 918 1359 1033 1426; x_wconf 89' lang='lat' dir='ltr'>accipias</span> <span class='ocrx_word' id='word_1_70' title='bbox 1052 1358 1125 1410; x_wconf 89' lang='lat' dir='ltr'>vide:</span> 
     </span>
     <span class='ocr_line' id='line_1_12' title="bbox 386 1444 1082 1515; baseline -0.003 -17"><span class='ocrx_word' id='word_1_71' title='bbox 386 1445 435 1499; x_wconf 91' lang='lat' dir='ltr'>Vel</span> <span class='ocrx_word' id='word_1_72' title='bbox 453 1450 484 1498; x_wconf 87' lang='lat' dir='ltr'>ut</span> <span class='ocrx_word' id='word_1_73' title='bbox 502 1463 595 1499; x_wconf 89' lang='lat' dir='ltr'>aurum</span> <span class='ocrx_word' id='word_1_74' title='bbox 613 1446 710 1515; x_wconf 88' lang='lat' dir='ltr'>perdas</span> <span class='ocrx_word' id='word_1_75' title='bbox 728 1444 769 1498; x_wconf 86' lang='lat' dir='ltr'>rel</span> <span class='ocrx_word' id='word_1_76' title='bbox 789 1449 820 1497; x_wconf 87' lang='lat' dir='ltr'>ut</span> <span class='ocrx_word' id='word_1_77' title='bbox 840 1448 942 1497; x_wconf 86' lang='lat' dir='ltr'>amator</span> <span class='ocrx_word' id='word_1_78' title='bbox 960 1445 1082 1512; x_wconf 86' lang='lat' dir='ltr'>perieret.</span> 
     </span>
    </p>
   </div>
   <div class='ocr_carea' id='block_1_7' title="bbox 281 1539 533 1622">
    <p class='ocr_par' dir='ltr' id='par_1_7' title="bbox 281 1539 533 1622">
     <span class='ocr_line' id='line_1_13' title="bbox 281 1539 533 1622; baseline -0.016 -16"><span class='ocrx_word' id='word_1_79' title='bbox 281 1539 391 1606; x_wconf 88' lang='lat' dir='ltr'>Asin.</span> <span class='ocrx_word' id='word_1_80' title='bbox 417 1539 533 1622; x_wconf 82' lang='lat' dir='ltr'>179sq.</span> 
     </span>
    </p>
   </div>
   <div class='ocr_carea' id='block_1_8' title="bbox 388 1621 1167 1778">
    <p class='ocr_par' dir='ltr' id='par_1_8' title="bbox 388 1621 1167 1778">
     <span class='ocr_line' id='line_1_14' title="bbox 593 1621 1011 1689; baseline 0 -16"><span class='ocrx_word' id='word_1_81' title='bbox 593 1637 653 1674; x_wconf 91' lang='lat' dir='ltr'>eum</span> <span class='ocrx_word' id='word_1_82' title='bbox 673 1636 725 1689; x_wconf 90' lang='lat' dir='ltr'>quo</span> <span class='ocrx_word' id='word_1_83' title='bbox 743 1621 783 1673; x_wconf 81' lang='lat' dir='ltr'>vis</span> <span class='ocrx_word' id='word_1_84' title='bbox 804 1626 882 1689; x_wconf 89' lang='lat' dir='ltr'>pacto</span> <span class='ocrx_word' id='word_1_85' title='bbox 902 1621 1011 1675; x_wconf 89' lang='lat' dir='ltr'>condias</span> 
     </span>
     <span class='ocr_line' id='line_1_15' title="bbox 388 1707 1167 1778; baseline -0.001 -17"><span class='ocrx_word' id='word_1_86' title='bbox 388 1708 436 1761; x_wconf 89' lang='lat' dir='ltr'>Vel</span> <span class='ocrx_word' id='word_1_87' title='bbox 455 1709 617 1778; x_wconf 90' lang='lat' dir='ltr'>patinarium</span> <span class='ocrx_word' id='word_1_88' title='bbox 634 1707 676 1759; x_wconf 83' lang='lat' dir='ltr'>vel</span> <span class='ocrx_word' id='word_1_89' title='bbox 692 1722 781 1759; x_wconf 88' lang='lat' dir='ltr'>assum</span> <span class='ocrx_word' id='word_1_90' title='bbox 800 1722 890 1760; x_wconf 89' lang='lat' dir='ltr'>vorses</span> <span class='ocrx_word' id='word_1_91' title='bbox 910 1722 961 1774; x_wconf 92' lang='lat' dir='ltr'>quo</span> <span class='ocrx_word' id='word_1_92' title='bbox 980 1711 1058 1774; x_wconf 88' lang='lat' dir='ltr'>pacto</span> <span class='ocrx_word' id='word_1_93' title='bbox 1077 1707 1167 1773; x_wconf 83' lang='lat' dir='ltr'>lubet3</span> 
     </span>
    </p>
   </div>
   <div class='ocr_carea' id='block_1_9' title="bbox 237 1798 966 1885">
    <p class='ocr_par' dir='ltr' id='par_1_9' title="bbox 237 1798 966 1885">
     <span class='ocr_line' id='line_1_16' title="bbox 237 1798 966 1885; baseline -0.003 -18"><span class='ocrx_word' id='word_1_94' title='bbox 237 1802 453 1885; x_wconf 90' lang='lat' dir='ltr'>premendum</span> <span class='ocrx_word' id='word_1_95' title='bbox 475 1804 532 1880; x_wconf 88' lang='lat' dir='ltr'>est,</span> <span class='ocrx_word' id='word_1_96' title='bbox 551 1800 639 1884; x_wconf 90' lang='lat' dir='ltr'>quod</span> <span class='ocrx_word' id='word_1_97' title='bbox 661 1798 822 1864; x_wconf 87' lang='lat' dir='ltr'>antecedit</span> <span class='ocrx_word' id='word_1_98' title='bbox 844 1801 966 1881; x_wconf 78' lang='lat' dir='ltr'>quovis.</span> 
     </span>
    </p>
   </div>
   <div class='ocr_carea' id='block_1_10' title="bbox 280 1906 1410 1991">
    <p class='ocr_par' dir='ltr' id='par_1_10' title="bbox 280 1906 1410 1991">
     <span class='ocr_line' id='line_1_17' title="bbox 280 1906 1410 1991; baseline 0.001 -16"><span class='ocrx_word' id='word_1_99' title='bbox 280 1909 408 1975; x_wconf 86' lang='lat' dir='ltr'>Stich.</span> <span class='ocrx_word' id='word_1_100' title='bbox 436 1911 578 1991; x_wconf 67' lang='lat' dir='ltr'>tlsssqq.</span> <span class='ocrx_word' id='word_1_101' title='bbox 618 1906 780 1989; x_wconf 85' lang='lat' dir='ltr'>parasitus</span> <span class='ocrx_word' id='word_1_102' title='bbox 810 1907 993 1971; x_wconf 84' lang='lat' dir='ltr'>auctionem</span> <span class='ocrx_word' id='word_1_103' title='bbox 1029 1927 1161 1972; x_wconf 89' lang='lat' dir='ltr'>suarum</span> <span class='ocrx_word' id='word_1_104' title='bbox 1191 1927 1301 1973; x_wconf 88' lang='lat' dir='ltr'>rerum</span> <span class='ocrx_word' id='word_1_105' title='bbox 1333 1910 1410 1977; x_wconf 85' lang='lat' dir='ltr'>iacit</span> 
     </span>
    </p>
   </div>
   <div class='ocr_carea' id='block_1_11' title="bbox 240 2005 1006 2348">
    <p class='ocr_par' dir='ltr' id='par_1_11' title="bbox 240 2005 1006 2348">
     <span class='ocr_line' id='line_1_18' title="bbox 240 2005 905 2089; baseline -0.008 -16"><span class='ocrx_word' id='word_1_106' title='bbox 240 2012 272 2072; x_wconf 90' lang='lat' dir='ltr'>et</span> <span class='ocrx_word' id='word_1_107' title='bbox 293 2028 394 2072; x_wconf 91' lang='lat' dir='ltr'>unum</span> <span class='ocrx_word' id='word_1_108' title='bbox 417 2028 457 2073; x_wconf 85' lang='lat' dir='ltr'>ex</span> <span class='ocrx_word' id='word_1_109' title='bbox 479 2006 714 2089; x_wconf 85' lang='lat' dir='ltr'>spectatoribus</span> <span class='ocrx_word' id='word_1_110' title='bbox 732 2005 905 2087; x_wconf 83' lang='lat' dir='ltr'>alloquitur</span> 
     </span>
     <span class='ocr_line' id='line_1_19' title="bbox 390 2104 1006 2174; baseline -0.005 -13"><span class='ocrx_word' id='word_1_111' title='bbox 390 2109 482 2174; x_wconf 79' lang='lat' dir='ltr'>Ehem,</span> <span class='ocrx_word' id='word_1_112' title='bbox 501 2104 658 2160; x_wconf 81' lang='lat' dir='ltr'>adnuistini</span> <span class='ocrx_word' id='word_1_113' title='bbox 682 2106 765 2158; x_wconf 88' lang='lat' dir='ltr'>Nemo</span> <span class='ocrx_word' id='word_1_114' title='bbox 783 2105 905 2158; x_wconf 88' lang='lat' dir='ltr'>meliores</span> <span class='ocrx_word' id='word_1_115' title='bbox 924 2104 1006 2158; x_wconf 85' lang='lat' dir='ltr'>dabit.</span> 
     </span>
     <span class='ocr_line' id='line_1_20' title="bbox 391 2191 922 2260; baseline -0.008 -12"><span class='ocrx_word' id='word_1_116' title='bbox 391 2194 450 2260; x_wconf 91' lang='lat' dir='ltr'>Vel,</span> <span class='ocrx_word' id='word_1_117' title='bbox 467 2195 618 2247; x_wconf 87' lang='lat' dir='ltr'>iunctiones</span> <span class='ocrx_word' id='word_1_118' title='bbox 637 2192 752 2245; x_wconf 86' lang='lat' dir='ltr'>Graecas</span> <span class='ocrx_word' id='word_1_119' title='bbox 772 2191 922 2244; x_wconf 83' lang='lat' dir='ltr'>sudatorias</span> 
     </span>
     <span class='ocr_line' id='line_1_21' title="bbox 389 2278 991 2348; baseline -0.003 -15"><span class='ocrx_word' id='word_1_120' title='bbox 389 2281 496 2334; x_wconf 86' lang='lat' dir='ltr'>Vendo:</span> <span class='ocrx_word' id='word_1_121' title='bbox 515 2280 565 2348; x_wconf 80' lang='lat' dir='ltr'>rel,</span> <span class='ocrx_word' id='word_1_122' title='bbox 583 2280 660 2333; x_wconf 88' lang='lat' dir='ltr'>lalias</span> <span class='ocrx_word' id='word_1_123' title='bbox 678 2279 793 2332; x_wconf 81' lang='lat' dir='ltr'>malacae</span> <span class='ocrx_word' id='word_1_124' title='bbox 812 2278 991 2347; x_wconf 74' lang='lat' dir='ltr'>crapularias[;</span> 
     </span>
    </p>
   </div>
   <div class='ocr_carea' id='block_1_12' title="bbox 240 2372 1411 2856">
    <p class='ocr_par' dir='ltr' id='par_1_12' title="bbox 240 2372 1411 2856">
     <span class='ocr_line' id='line_1_22' title="bbox 241 2372 1410 2457; baseline 0.003 -18"><span class='ocrx_word' id='word_1_125' title='bbox 241 2374 390 2457; x_wconf 86' lang='lat' dir='ltr'>quamvis</span> <span class='ocrx_word' id='word_1_126' title='bbox 413 2374 453 2438; x_wconf 87' lang='lat' dir='ltr'>de</span> <span class='ocrx_word' id='word_1_127' title='bbox 476 2374 621 2438; x_wconf 89' lang='lat' dir='ltr'>codicum</span> <span class='ocrx_word' id='word_1_128' title='bbox 644 2373 779 2437; x_wconf 89' lang='lat' dir='ltr'>lectione</span> <span class='ocrx_word' id='word_1_129' title='bbox 800 2372 940 2436; x_wconf 90' lang='lat' dir='ltr'>dubitari</span> <span class='ocrx_word' id='word_1_130' title='bbox 960 2373 1070 2454; x_wconf 90' lang='lat' dir='ltr'>possit,</span> <span class='ocrx_word' id='word_1_131' title='bbox 1091 2376 1137 2438; x_wconf 83' lang='lat' dir='ltr'>ecl</span> <span class='ocrx_word' id='word_1_132' title='bbox 1158 2374 1202 2438; x_wconf 92' lang='lat' dir='ltr'>ad</span> <span class='ocrx_word' id='word_1_133' title='bbox 1223 2374 1410 2442; x_wconf 89' lang='lat' dir='ltr'>Plautinum</span> 
     </span>
     <span class='ocr_line' id='line_1_23' title="bbox 240 2472 1410 2553; baseline 0.001 -14"><span class='ocrx_word' id='word_1_134' title='bbox 240 2494 334 2539; x_wconf 90' lang='lat' dir='ltr'>usum</span> <span class='ocrx_word' id='word_1_135' title='bbox 368 2472 701 2538; x_wconf 89' lang='lat' dir='ltr'>accommodatissime</span> <span class='ocrx_word' id='word_1_136' title='bbox 734 2475 926 2553; x_wconf 87' lang='lat' dir='ltr'>usurpatum</span> <span class='ocrx_word' id='word_1_137' title='bbox 966 2474 1030 2535; x_wconf 90' lang='lat' dir='ltr'>est:</span> <span class='ocrx_word' id='word_1_138' title='bbox 1072 2472 1184 2553; x_wconf 86' lang='lat' dir='ltr'>„willst</span> <span class='ocrx_word' id='word_1_139' title='bbox 1223 2474 1268 2539; x_wconf 93' lang='lat' dir='ltr'>du</span> <span class='ocrx_word' id='word_1_140' title='bbox 1309 2479 1410 2540; x_wconf 86' lang='lat' dir='ltr'>etwas</span> 
     </span>
     <span class='ocr_line' id='line_1_24' title="bbox 240 2570 1410 2656; baseline 0.001 -17"><span class='ocrx_word' id='word_1_141' title='bbox 240 2574 375 2653; x_wconf 76' lang='lat' dir='ltr'>lauteri,</span> <span class='ocrx_word' id='word_1_142' title='bbox 406 2573 494 2637; x_wconf 89' lang='lat' dir='ltr'>dann</span> <span class='ocrx_word' id='word_1_143' title='bbox 526 2573 631 2637; x_wconf 79' lang='lat' dir='ltr'>wahle</span> <span class='ocrx_word' id='word_1_144' title='bbox 662 2570 753 2636; x_wconf 87' lang='lat' dir='ltr'>nur“.</span> <span class='ocrx_word' id='word_1_145' title='bbox 797 2571 947 2635; x_wconf 85' lang='lat' dir='ltr'>Ceterum</span> <span class='ocrx_word' id='word_1_146' title='bbox 979 2572 1086 2636; x_wconf 89' lang='lat' dir='ltr'>nescio</span> <span class='ocrx_word' id='word_1_147' title='bbox 1114 2574 1266 2656; x_wconf 89' lang='lat' dir='ltr'>numquis</span> <span class='ocrx_word' id='word_1_148' title='bbox 1294 2575 1410 2640; x_wconf 91' lang='lat' dir='ltr'>viderit</span> 
     </span>
     <span class='ocr_line' id='line_1_25' title="bbox 240 2671 1410 2757; baseline 0.001 -19"><span class='ocrx_word' id='word_1_149' title='bbox 240 2674 375 2738; x_wconf 90' lang='lat' dir='ltr'>similem</span> <span class='ocrx_word' id='word_1_150' title='bbox 412 2673 595 2737; x_wconf 87' lang='lat' dir='ltr'>auctionem</span> <span class='ocrx_word' id='word_1_151' title='bbox 626 2671 760 2736; x_wconf 90' lang='lat' dir='ltr'>indicari</span> <span class='ocrx_word' id='word_1_152' title='bbox 789 2672 872 2736; x_wconf 91' lang='lat' dir='ltr'>aM.</span> <span class='ocrx_word' id='word_1_153' title='bbox 894 2671 1008 2735; x_wconf 90' lang='lat' dir='ltr'>Porcio</span> <span class='ocrx_word' id='word_1_154' title='bbox 1036 2671 1175 2752; x_wconf 88' lang='lat' dir='ltr'>Catone,</span> <span class='ocrx_word' id='word_1_155' title='bbox 1206 2674 1296 2739; x_wconf 89' lang='lat' dir='ltr'>cuius</span> <span class='ocrx_word' id='word_1_156' title='bbox 1323 2675 1410 2757; x_wconf 85' lang='lat' dir='ltr'>frag-</span> 
     </span>
     <span class='ocr_line' id='line_1_26' title="bbox 241 2770 1411 2856; baseline 0.001 -18"><span class='ocrx_word' id='word_1_157' title='bbox 241 2777 387 2838; x_wconf 91' lang='lat' dir='ltr'>mentum</span> <span class='ocrx_word' id='word_1_158' title='bbox 410 2771 473 2835; x_wconf 88' lang='lat' dir='ltr'>hoc</span> <span class='ocrx_word' id='word_1_159' title='bbox 495 2775 599 2835; x_wconf 84' lang='lat' dir='ltr'>exstat</span> <span class='ocrx_word' id='word_1_160' title='bbox 621 2770 741 2852; x_wconf 86' lang='lat' dir='ltr'>(Meyer</span> <span class='ocrx_word' id='word_1_161' title='bbox 769 2775 849 2835; x_wconf 91' lang='lat' dir='ltr'>orat.</span> <span class='ocrx_word' id='word_1_162' title='bbox 873 2771 967 2834; x_wconf 91' lang='lat' dir='ltr'>Rom.</span> <span class='ocrx_word' id='word_1_163' title='bbox 990 2770 1026 2834; x_wconf 87' lang='lat' dir='ltr'>fr.</span> <span class='ocrx_word' id='word_1_164' title='bbox 1050 2772 1099 2835; x_wconf 90' lang='lat' dir='ltr'>ed.</span> <span class='ocrx_word' id='word_1_165' title='bbox 1128 2773 1160 2836; x_wconf 88' lang='lat' dir='ltr'>ll</span> <span class='ocrx_word' id='word_1_166' title='bbox 1188 2794 1220 2856; x_wconf 93' lang='lat' dir='ltr'>p.</span> <span class='ocrx_word' id='word_1_167' title='bbox 1247 2774 1337 2856; x_wconf 84' lang='lat'><strong>138):</strong></span> <span class='ocrx_word' id='word_1_168' title='bbox 1374 2775 1411 2839; x_wconf 84' lang='lat' dir='ltr'>Si</span> 
     </span>
    </p>
   </div>
   <div class='ocr_carea' id='block_1_13' title="bbox 240 2870 1295 3147">
    <p class='ocr_par' dir='ltr' id='par_1_13' title="bbox 240 2870 1295 3147">
     <span class='ocr_line' id='line_1_27' title="bbox 240 2870 1295 2956; baseline 0 -18"><span class='ocrx_word' id='word_1_169' title='bbox 240 2879 343 2955; x_wconf 83' lang='lat' dir='ltr'>posset</span> <span class='ocrx_word' id='word_1_170' title='bbox 363 2873 468 2937; x_wconf 82' lang='lat' dir='ltr'>auctio</span> <span class='ocrx_word' id='word_1_171' title='bbox 486 2870 559 2954; x_wconf 80' lang='lat' dir='ltr'>fieri</span> <span class='ocrx_word' id='word_1_172' title='bbox 580 2870 618 2934; x_wconf 86' lang='lat' dir='ltr'>de</span> <span class='ocrx_word' id='word_1_173' title='bbox 639 2871 762 2934; x_wconf 79' lang='lat' dir='ltr'>artibus</span> <span class='ocrx_word' id='word_1_174' title='bbox 784 2871 858 2950; x_wconf 82' lang='lat' dir='ltr'>tais,</span> <span class='ocrx_word' id='word_1_175' title='bbox 882 2871 975 2956; x_wconf 79' lang='lat' dir='ltr'>quasi</span> <span class='ocrx_word' id='word_1_176' title='bbox 996 2870 1194 2952; x_wconf 78' lang='lat' dir='ltr'>supellectilis</span> <span class='ocrx_word' id='word_1_177' title='bbox 1213 2875 1295 2939; x_wconf 80' lang='lat' dir='ltr'>solet.</span> 
     </span>
     <span class='ocr_line' id='line_1_28' title="bbox 284 2976 1221 3062; baseline 0 -18"><span class='ocrx_word' id='word_1_178' title='bbox 284 2980 402 3062; x_wconf 80' lang='lat' dir='ltr'>Capi.</span> <span class='ocrx_word' id='word_1_179' title='bbox 425 2979 486 3043; x_wconf 86' lang='grc'>368</span> <span class='ocrx_word' id='word_1_180' title='bbox 497 2996 568 3060; x_wconf 87' lang='lat' dir='ltr'>sqq.</span> <span class='ocrx_word' id='word_1_181' title='bbox 590 2977 667 3042; x_wconf 85' lang='lat' dir='ltr'>dicit</span> <span class='ocrx_word' id='word_1_182' title='bbox 687 2976 887 3042; x_wconf 86' lang='lat' dir='ltr'>Philocrates</span> <span class='ocrx_word' id='word_1_183' title='bbox 908 2998 1036 3042; x_wconf 90' lang='lat' dir='ltr'>servum</span> <span class='ocrx_word' id='word_1_184' title='bbox 1060 2978 1221 3044; x_wconf 90' lang='lat' dir='ltr'>imitatus:</span> 
     </span>
     <span class='ocr_line' id='line_1_29' title="bbox 393 3077 1040 3147; baseline 0 -17"><span class='ocrx_word' id='word_1_185' title='bbox 393 3078 511 3147; x_wconf 87' lang='lat' dir='ltr'>Utroque</span> <span class='ocrx_word' id='word_1_186' title='bbox 528 3093 635 3130; x_wconf 80' lang='lat' dir='ltr'>vorsum</span> <span class='ocrx_word' id='word_1_187' title='bbox 653 3082 780 3130; x_wconf 84' lang='lat' dir='ltr'>rectumst</span> <span class='ocrx_word' id='word_1_188' title='bbox 797 3077 933 3144; x_wconf 84' lang='lat' dir='ltr'>ingenium</span> <span class='ocrx_word' id='word_1_189' title='bbox 953 3094 1040 3130; x_wconf 89' lang='lat' dir='ltr'>mcum</span> 
     </span>
    </p>
   </div>
   <div class='ocr_carea' id='block_1_14' title="bbox 394 3162 1111 3319">
    <p class='ocr_par' dir='ltr' id='par_1_14' title="bbox 394 3162 1111 3319">
     <span class='ocr_line' id='line_1_30' title="bbox 394 3162 1095 3233; baseline -0.003 -15"><span class='ocrx_word' id='word_1_190' title='bbox 394 3166 436 3218; x_wconf 85' lang='lat' dir='ltr'>Ad</span> <span class='ocrx_word' id='word_1_191' title='bbox 455 3170 481 3218; x_wconf 88' lang='lat' dir='ltr'>te</span> <span class='ocrx_word' id='word_1_192' title='bbox 498 3167 577 3233; x_wconf 87' lang='lat' dir='ltr'>atque</span> <span class='ocrx_word' id='word_1_193' title='bbox 598 3162 631 3216; x_wconf 89' lang='lat' dir='ltr'>ad</span> <span class='ocrx_word' id='word_1_194' title='bbox 650 3163 739 3229; x_wconf 80' lang='lat' dir='ltr'>illum3</span> <span class='ocrx_word' id='word_1_195' title='bbox 759 3179 806 3232; x_wconf 90' lang='lat' dir='ltr'>pro</span> <span class='ocrx_word' id='word_1_196' title='bbox 826 3168 883 3216; x_wconf 90' lang='lat' dir='ltr'>rota</span> <span class='ocrx_word' id='word_1_197' title='bbox 901 3179 942 3215; x_wconf 88' lang='lat' dir='ltr'>me</span> <span class='ocrx_word' id='word_1_198' title='bbox 961 3165 1001 3216; x_wconf 89' lang='lat' dir='ltr'>uti</span> <span class='ocrx_word' id='word_1_199' title='bbox 1020 3163 1095 3216; x_wconf 86' lang='lat' dir='ltr'>licet:</span> 
     </span>
     <span class='ocr_line' id='line_1_31' title="bbox 395 3249 1111 3319; baseline -0.003 -15"><span class='ocrx_word' id='word_1_200' title='bbox 395 3252 443 3304; x_wconf 88' lang='lat' dir='ltr'>Vel</span> <span class='ocrx_word' id='word_1_201' title='bbox 462 3267 510 3319; x_wconf 91' lang='lat' dir='ltr'>ego</span> <span class='ocrx_word' id='word_1_202' title='bbox 530 3251 582 3303; x_wconf 91' lang='lat' dir='ltr'>huc</span> <span class='ocrx_word' id='word_1_203' title='bbox 601 3250 642 3303; x_wconf 84' lang='lat' dir='ltr'>vel</span> <span class='ocrx_word' id='word_1_204' title='bbox 661 3249 726 3303; x_wconf 92' lang='lat' dir='ltr'>illuc</span> <span class='ocrx_word' id='word_1_205' title='bbox 744 3253 841 3317; x_wconf 84' lang='lat' dir='ltr'>vertar,</span> <span class='ocrx_word' id='word_1_206' title='bbox 860 3266 912 3318; x_wconf 89' lang='lat' dir='ltr'>quo</span> <span class='ocrx_word' id='word_1_207' title='bbox 930 3251 1111 3319; x_wconf 81' lang='lat' dir='ltr'>imperabitis3</span> 
     </span>
    </p>
   </div>
   <div class='ocr_carea' id='block_1_15' title="bbox 243 3343 1412 3525">
    <p class='ocr_par' dir='ltr' id='par_1_15' title="bbox 243 3343 1412 3525">
     <span class='ocr_line' id='line_1_32' title="bbox 243 3343 1411 3428; baseline -0.001 -16"><span class='ocrx_word' id='word_1_208' title='bbox 243 3346 426 3428; x_wconf 86' lang='lat' dir='ltr'>exemplum</span> <span class='ocrx_word' id='word_1_209' title='bbox 456 3364 535 3409; x_wconf 88' lang='lat' dir='ltr'>sane</span> <span class='ocrx_word' id='word_1_210' title='bbox 566 3343 743 3424; x_wconf 86' lang='lat' dir='ltr'>singulare!</span> <span class='ocrx_word' id='word_1_211' title='bbox 785 3343 929 3407; x_wconf 91' lang='lat' dir='ltr'>Primum</span> <span class='ocrx_word' id='word_1_212' title='bbox 961 3343 1046 3406; x_wconf 88' lang='lat' dir='ltr'>enim</span> <span class='ocrx_word' id='word_1_213' title='bbox 1080 3345 1128 3407; x_wconf 85' lang='lat' dir='ltr'>cel</span> <span class='ocrx_word' id='word_1_214' title='bbox 1160 3343 1203 3407; x_wconf 87' lang='lat' dir='ltr'>ad</span> <span class='ocrx_word' id='word_1_215' title='bbox 1232 3344 1411 3427; x_wconf 83' lang='lat' dir='ltr'>Hegionem</span> 
     </span>
     <span class='ocr_line' id='line_1_33' title="bbox 244 3443 1412 3525; baseline 0.001 -14"><span class='ocrx_word' id='word_1_216' title='bbox 244 3447 400 3511; x_wconf 88' lang='lat' dir='ltr'>directum</span> <span class='ocrx_word' id='word_1_217' title='bbox 433 3448 497 3521; x_wconf 89' lang='lat' dir='ltr'>est,</span> <span class='ocrx_word' id='word_1_218' title='bbox 528 3443 665 3508; x_wconf 89' lang='lat' dir='ltr'>alterurn</span> <span class='ocrx_word' id='word_1_219' title='bbox 698 3443 741 3507; x_wconf 92' lang='lat' dir='ltr'>ad</span> <span class='ocrx_word' id='word_1_220' title='bbox 772 3463 863 3521; x_wconf 87' lang='lat' dir='ltr'>eum,</span> <span class='ocrx_word' id='word_1_221' title='bbox 897 3443 951 3525; x_wconf 92' lang='lat' dir='ltr'>qui</span> <span class='ocrx_word' id='word_1_222' title='bbox 980 3445 1078 3506; x_wconf 84' lang='lat' dir='ltr'>antea</span> <span class='ocrx_word' id='word_1_223' title='bbox 1106 3443 1190 3507; x_wconf 89' lang='lat' dir='ltr'>servi</span> <span class='ocrx_word' id='word_1_224' title='bbox 1214 3464 1288 3509; x_wconf 89' lang='lat' dir='ltr'>erus</span> <span class='ocrx_word' id='word_1_225' title='bbox 1316 3446 1412 3512; x_wconf 89' lang='lat' dir='ltr'>fuisse</span> 
     </span>
    </p>
   </div>
   <div class='ocr_carea' id='block_1_16' title="bbox 244 3543 1302 3820">
    <p class='ocr_par' dir='ltr' id='par_1_16' title="bbox 244 3543 1302 3820">
     <span class='ocr_line' id='line_1_34' title="bbox 244 3543 1302 3628; baseline -0.003 -17"><span class='ocrx_word' id='word_1_226' title='bbox 244 3547 379 3622; x_wconf 83' lang='lat' dir='ltr'>dicitur3</span> <span class='ocrx_word' id='word_1_227' title='bbox 402 3544 541 3626; x_wconf 88' lang='lat' dir='ltr'>denique</span> <span class='ocrx_word' id='word_1_228' title='bbox 562 3563 628 3609; x_wconf 90' lang='lat' dir='ltr'>una</span> <span class='ocrx_word' id='word_1_229' title='bbox 650 3543 747 3608; x_wconf 90' lang='lat' dir='ltr'>ambo</span> <span class='ocrx_word' id='word_1_230' title='bbox 769 3543 988 3624; x_wconf 83' lang='lat' dir='ltr'>appellantur:</span> <span class='ocrx_word' id='word_1_231' title='bbox 1011 3563 1071 3628; x_wconf 82' lang='lat' dir='ltr'>quo</span> <span class='ocrx_word' id='word_1_232' title='bbox 1096 3543 1302 3628; x_wconf 80' lang='lat' dir='ltr'>imperabitis.</span> 
     </span>
     <span class='ocr_line' id='line_1_35' title="bbox 286 3651 571 3734; baseline -0.011 -16"><span class='ocrx_word' id='word_1_233' title='bbox 286 3653 406 3718; x_wconf 87' lang='lat' dir='ltr'>Truc.</span> <span class='ocrx_word' id='word_1_234' title='bbox 430 3651 491 3716; x_wconf 89' lang='grc'>676</span> <span class='ocrx_word' id='word_1_235' title='bbox 501 3671 571 3734; x_wconf 89' lang='lat' dir='ltr'>sqq.</span> 
     </span>
     <span class='ocr_line' id='line_1_36' title="bbox 397 3749 1057 3820; baseline -0.002 -17"><span class='ocrx_word' id='word_1_236' title='bbox 397 3751 446 3803; x_wconf 91' lang='lat' dir='ltr'>Dic</span> <span class='ocrx_word' id='word_1_237' title='bbox 464 3751 565 3820; x_wconf 89' lang='lat' dir='ltr'>impera</span> <span class='ocrx_word' id='word_1_238' title='bbox 583 3751 657 3816; x_wconf 81' lang='lat' dir='ltr'>milri,</span> <span class='ocrx_word' id='word_1_239' title='bbox 676 3749 739 3818; x_wconf 90' lang='lat' dir='ltr'>quid</span> <span class='ocrx_word' id='word_1_240' title='bbox 757 3749 823 3802; x_wconf 89' lang='lat' dir='ltr'>libet</span> <span class='ocrx_word' id='word_1_241' title='bbox 843 3765 895 3817; x_wconf 89' lang='lat' dir='ltr'>quo</span> <span class='ocrx_word' id='word_1_242' title='bbox 912 3749 952 3802; x_wconf 85' lang='lat' dir='ltr'>vis</span> <span class='ocrx_word' id='word_1_243' title='bbox 971 3749 1057 3802; x_wconf 91' lang='lat' dir='ltr'>modo.</span> 
     </span>
    </p>
   </div>
   <div class='ocr_carea' id='block_1_17' title="bbox 396 3836 1082 3992">
    <p class='ocr_par' dir='ltr' id='par_1_17' title="bbox 396 3836 1082 3992">
     <span class='ocr_line' id='line_1_37' title="bbox 396 3836 1056 3903; baseline -0.002 -12"><span class='ocrx_word' id='word_1_244' title='bbox 396 3838 485 3891; x_wconf 78' lang='lat' dir='ltr'>Nouos</span> <span class='ocrx_word' id='word_1_245' title='bbox 504 3838 591 3890; x_wconf 89' lang='lat' dir='ltr'>omnis</span> <span class='ocrx_word' id='word_1_246' title='bbox 610 3853 695 3890; x_wconf 90' lang='lat' dir='ltr'>mores</span> <span class='ocrx_word' id='word_1_247' title='bbox 714 3837 808 3902; x_wconf 90' lang='lat' dir='ltr'>habeo,</span> <span class='ocrx_word' id='word_1_248' title='bbox 826 3839 927 3889; x_wconf 86' lang='lat' dir='ltr'>veteres</span> <span class='ocrx_word' id='word_1_249' title='bbox 944 3836 1056 3903; x_wconf 90' lang='lat' dir='ltr'>perdidi.</span> 
     </span>
     <span class='ocr_line' id='line_1_38' title="bbox 397 3921 1082 3992; baseline -0.001 -16"><span class='ocrx_word' id='word_1_250' title='bbox 397 3923 445 3977; x_wconf 90' lang='lat' dir='ltr'>Vel</span> <span class='ocrx_word' id='word_1_251' title='bbox 465 3940 552 3976; x_wconf 89' lang='lat' dir='ltr'>amare</span> <span class='ocrx_word' id='word_1_252' title='bbox 574 3939 681 3992; x_wconf 90' lang='lat' dir='ltr'>possum</span> <span class='ocrx_word' id='word_1_253' title='bbox 701 3922 742 3976; x_wconf 85' lang='lat' dir='ltr'>vel</span> <span class='ocrx_word' id='word_1_254' title='bbox 762 3924 814 3974; x_wconf 91' lang='lat' dir='ltr'>iam</span> <span class='ocrx_word' id='word_1_255' title='bbox 834 3925 949 3974; x_wconf 87' lang='lat' dir='ltr'>scortum</span> <span class='ocrx_word' id='word_1_256' title='bbox 969 3921 1082 3988; x_wconf 84' lang='lat' dir='ltr'>ducere3</span> 
     </span>
    </p>
   </div>
   <div class='ocr_carea' id='block_1_18' title="bbox 245 4013 1414 4204">
    <p class='ocr_par' dir='ltr' id='par_1_18' title="bbox 245 4013 1414 4204">
     <span class='ocr_line' id='line_1_39' title="bbox 247 4013 1414 4109; baseline 0 -27"><span class='ocrx_word' id='word_1_257' title='bbox 247 4017 366 4100; x_wconf 87' lang='lat' dir='ltr'>duplex</span> <span class='ocrx_word' id='word_1_258' title='bbox 398 4019 445 4082; x_wconf 84' lang='lat' dir='ltr'>cel</span> <span class='ocrx_word' id='word_1_259' title='bbox 467 4015 594 4098; x_wconf 88' lang='lat' dir='ltr'>respicit</span> <span class='ocrx_word' id='word_1_260' title='bbox 616 4017 657 4080; x_wconf 90' lang='lat' dir='ltr'>ad</span> <span class='ocrx_word' id='word_1_261' title='bbox 682 4015 781 4079; x_wconf 90' lang='lat' dir='ltr'>verba</span> <span class='ocrx_word' id='word_1_262' title='bbox 809 4034 893 4097; x_wconf 87' lang='lat' dir='ltr'>quae</span> <span class='ocrx_word' id='word_1_263' title='bbox 914 4019 1169 4109; x_wconf 79' lang='lat' dir='ltr'>antecesserunt;</span> <span class='ocrx_word' id='word_1_264' title='bbox 1197 4013 1414 4100; x_wconf 80' lang='lat' dir='ltr'>impera&#39;quid</span> 
     </span>
     <span class='ocr_line' id='line_1_40' title="bbox 245 4115 589 4204; baseline -0.003 -24"><span class='ocrx_word' id='word_1_265' title='bbox 245 4117 318 4182; x_wconf 82' lang='lat' dir='ltr'>libet</span> <span class='ocrx_word' id='word_1_266' title='bbox 339 4137 400 4204; x_wconf 80' lang='lat' dir='ltr'>quo</span> <span class='ocrx_word' id='word_1_267' title='bbox 421 4118 469 4181; x_wconf 83' lang='lat' dir='ltr'>cis</span> <span class='ocrx_word' id='word_1_268' title='bbox 491 4115 589 4180; x_wconf 86' lang='lat' dir='ltr'>modo.</span> 
     </span>
    </p>
   </div>
   <div class='ocr_carea' id='block_1_19' title="bbox 0 0 1532 4838">
    <p class='ocr_par' dir='ltr' id='par_1_19' title="bbox 0 0 1532 4838">
     <span class='ocr_line' id='line_1_41' title="bbox 0 0 1532 4838; baseline 0 0"><span class='ocrx_word' id='word_1_269' title='bbox 0 0 1532 4838; x_wconf 95' lang='lat' dir='ltr'> </span> 
     </span>
    </p>
   </div>
  </div>
 </body>
</html>
