3030 4838
591 303 794 368 ..29-

119 482 232 547 winde
270 501 308 546 zu
346 479 464 545 diesem
498 481 678 545 nrnhsrnek
713 480 861 562 folgende
889 480 1087 563 Vorschlage
1120 483 1287 550 machen“.

116 585 231 664 ltaque
252 601 294 645 ne
315 581 368 644 hic
390 580 520 661 quidem
543 588 600 646 aut
623 581 666 645 ad
687 581 822 644 alteram
845 598 1017 661 personam
1039 581 1183 647 refertur.

156 689 254 753 Men.
273 689 335 752 582
349 709 419 771 sqq.

437 787 492 838 Viri
511 787 683 852 fraudulenti,

435 871 486 934 Qui
504 862 675 925 aut‘iaencre
695 878 741 925 ant
762 871 887 940 periuriis

437 959 542 1012 Habent
561 976 614 1011 rem
634 964 762 1028 paratam.

158 1054 254 1117 Men.
277 1054 338 1116 587

255 1151 311 1203 Aut
329 1152 362 1204 ad
382 1152 510 1220 pupulum
534 1153 627 1204 autin
647 1152 703 1204 iure
722 1155 768 1203 aut
787 1150 819 1203 ad
839 1152 952 1204 iudicem
972 1157 1034 1205 rest.

158 1244 254 1308 Men.
277 1245 339 1308 592

258 1345 312 1395 Aut
331 1344 391 1411 plus
411 1349 458 1396 aut
476 1345 564 1397 minus
583 1361 661 1413 quam
681 1359 749 1411 epus
767 1343 853 1395 luerat
872 1343 942 1396 dicto
961 1345 1087 1399 dixeram.

160 1436 192 1500 M
200 1456 255 1500 en.
279 1438 340 1501 770
354 1456 402 1519 sq.

259 1535 313 1587 Nec
332 1535 375 1604 pel
395 1535 450 1587 filia
469 1551 593 1602 umquam
612 1539 713 1602 patrem
734 1535 845 1587 accersit
863 1534 896 1586 ad
916 1550 953 1599 se,

259 1621 316 1673 Nisi
335 1626 382 1675 aut
402 1621 465 1690 quid
484 1621 617 1674 commissi
637 1625 683 1672 aut
702 1621 798 1686 iurgist
816 1635 905 1672 causa.

161 1713 404 1796 Mmc3mm

262 1813 320 1866 Ncn
339 1829 388 1881 ego
407 1814 468 1866 item
488 1813 567 1879 faeie,
585 1816 615 1864 ut
634 1813 700 1866 alios
719 1815 746 1866 in
766 1813 908 1867 comoediis

258 1898 291 1950 Vi
308 1898 363 1951 vidi
382 1900 478 1952 ameris
497 1900 592 1965 facere,
618 1901 663 1969 qui
682 1904 728 1952 aut
746 1901 817 1953 nocti
837 1904 883 1952 aut
902 1897 938 1949 dii

261 1985 315 2036 Aut
334 1985 383 2038 seli
403 1990 449 2038 aut
467 1985 547 2039 lunae
566 1986 687 2038 miserias
705 1990 815 2039 narrant
834 2002 904 2039 suas.

163 2077 282 2142 Merc.
304 2079 365 2143 413
384 2099 431 2161 sq.

514 2175 562 2228 ege
582 2176 668 2213 emere
687 2161 763 2212 matri
783 2166 845 2212 tuae

262 2247 392 2299 Ancillam
413 2247 556 2315 viraginem
639 2252 686 2301 aut
704 2247 796 2316 Syram
816 2252 863 2300 aut
881 2247 1051 2316 Aegyptiam.

161 2339 281 2404 ltere.
305 2341 362 2404 781

260 2438 330 2491 llaec
349 2455 427 2492 vassa
445 2444 491 2492 aut
510 2456 571 2493 mcx
590 2444 636 2493 aut
653 2455 710 2493 cras
729 2440 825 2493 iubebo
845 2441 893 2493 abs
911 2444 937 2493 te
957 2441 1020 2509 peti.

161 2531 239 2596 Mil.
265 2533 323 2596 162
339 2553 385 2615 sq.

259 2631 335 2694 Quod
353 2632 397 2685 ille
416 2634 542 2701 gallinam
561 2637 607 2685 aut
626 2633 772 2686 columbam
793 2648 820 2685 se
839 2633 934 2685 sectari
954 2636 1000 2685 aut
1020 2632 1121 2685 simiam

260 2717 337 2771 Dicat
356 2735 378 2772 e.
389 2737 413 2787 q.
424 2736 445 2772 s,

163 2808 241 2873 Mil.
265 2812 324 2876 607
346 2832 393 2894 sq.

262 2909 314 2963 Sed
333 2911 498 2979 speculabor,
518 2912 612 2979 nequis
631 2915 678 2964 aut
696 2911 758 2963 hinc
777 2914 823 2962 aut
842 2911 876 2963 ab
895 2911 969 2963 laeva
988 2916 1034 2964 aut
1051 2912 1160 2965 dextera

262 2996 358 3049 Nostro
378 2997 489 3049 consilio
509 3000 618 3049 venator
636 2996 714 3049 adsit.

164 3089 240 3153 nn.
267 3089 346 3155 naa
362 3109 410 3171 sq.

263 3189 340 3242 Nunc
359 3189 392 3241 ad
411 3204 452 3240 me
470 3192 501 3239 ut
519 3186 609 3240 veniat
627 3190 705 3239 usust
723 3187 932 3239 Acroteleutium
953 3190 999 3237 aut

262 3274 397 3329 Ancillula
415 3275 473 3326 eius
491 3278 537 3326 aut
556 3271 718 3336 Pleusicles;

122 3385 265 3466 primum
287 3393 353 3465 aut,
382 3385 470 3467 quod
492 3384 644 3448 omittunt
666 3382 815 3458 Palatini,
839 3383 868 3445 A
890 3383 1030 3446 servavit
1040 3382 1073 3463 1),
1103 3384 1238 3447 alterurn
1261 3388 1293 3447 et

124 3485 156 3548 in
175 3484 205 3548 Α
227 3487 260 3547 et
280 3484 311 3548 in
327 3483 483 3548 Palatinis
500 3482 647 3546 traditur.
680 3481 844 3545 Goetzium
857 3482 1090 3545 etScheellium
1104 3487 1140 3546 ut
1151 3484 1292 3563 primurn

124 3590 182 3647 (rut
212 3583 371 3661 delerent,
403 3581 538 3646 alterurn
568 3581 780 3646 Ritschelium
810 3583 909 3646 secuti
945 3583 976 3645 in
1009 3604 1046 3646 uc
1075 3584 1294 3662 emendarent,

124 3703 164 3746 ea
180 3702 279 3747 eausa
295 3682 505 3746 commovisse
521 3681 657 3757 videtur,
680 3700 779 3762 quam
797 3682 915 3744 refutat
926 3682 999 3758 Len,
1023 3701 1095 3745 cum
1112 3684 1154 3746 ad
1172 3704 1201 3746 V.
1216 3686 1296 3748 1134

124 3783 277 3846 adnotat:
300 3781 428 3845 Scilicet
450 3803 488 3845 ex
511 3781 628 3863 quibus
649 3801 714 3844 une
734 3800 815 3861 opus
831 3781 944 3856 iuerat,
968 3791 1293 3847 unaornnesexeuni.

199 4017 225 4084 l)
244 4017 282 4070 De
300 4019 392 4071 autin
411 4018 463 4070 fine
482 4033 574 4069 versus
593 4017 626 4069 cf.
646 4017 773 4084 Appuhn,
792 4017 962 4084 quaestiones
982 4017 1122 4069 Plautinae
1140 4036 1165 4087 p.
1185 4020 1227 4084 71,
1251 4021 1295 4088 qui

126 4109 219 4157 tamen
236 4101 359 4156 Plautum
379 4112 428 4157 aut
447 4106 495 4157 hoe
515 4104 572 4155 lece
593 4102 732 4155 admisisse
752 4107 839 4172 negat.
