3030 4838
682 271 887 334 ..10-

281 448 345 515 Sed
359 448 441 513 haec
456 449 490 514 in
505 448 616 533 quieto
634 448 853 532 relinquamus
869 454 900 514 et
916 449 958 514 ad
968 448 1153 514 hilariorem
1163 453 1372 531 conspectum

199 548 308 614 oculos
330 550 547 614 advertamus.
595 549 635 615 Et
655 550 796 632 primum
818 551 949 633 quidem
972 570 1011 614 ex
1033 548 1193 631 glossariis
1215 549 1373 613 inferioris

200 649 315 714 aetatis
337 650 565 732 vilioribusque
588 650 669 717 duos
690 651 777 714 locos
797 651 944 715 afferam.
989 652 1026 715 In
1048 649 1159 731 glossis
1181 650 1373 730 Vergilianis

201 747 300 831 (corp.
323 750 415 831 gloss.
448 750 501 815 lat.
529 755 552 814 t.
574 751 617 815 IV
638 770 670 832 p.
692 750 767 831 431)
796 751 927 832 legitur:
957 757 1013 816 aut
1040 748 1275 835 quiquuidoe,
1306 769 1373 832 quo

201 849 281 918 nihil
297 849 469 916 lucramur.
502 851 536 915 ln
554 870 673 933 magno
688 854 795 917 autem
813 851 965 916 thesauro
982 872 1008 916 c.
1024 851 1173 916 Vaticani
1184 851 1262 915 3321
1283 850 1373 931 (ibid.

200 969 231 1032 p.
254 951 325 1032 190)
353 951 433 1016 baec
454 956 599 1017 exstant:
628 953 691 1017 uela
711 952 820 1016 statim
841 953 887 1017 ael
908 953 1007 1017 modo.
1058 952 1139 1016 Illud
1166 952 1226 1015 vals
1257 970 1375 1015 manus

200 1055 236 1115 ut
257 1051 383 1116 videtur
403 1051 508 1133 prima
529 1051 560 1115 in
577 1051 624 1115 uei
646 1053 799 1128 correxit;
823 1052 892 1116 cod.
910 1052 1108 1117 Cassinensis
1129 1052 1272 1117 eiusdem
1288 1051 1373 1133 glos·

200 1151 275 1215 sarii
297 1152 386 1216 testis
406 1152 513 1235 potius
534 1152 596 1216 ita:
617 1155 666 1218 cel
680 1155 788 1217 aialim
811 1153 910 1217 ruodo.
942 1152 1014 1231 Quo
1035 1153 1105 1217 loco
1123 1152 1263 1233 primum
1279 1157 1373 1233 grata

200 1257 248 1316 est
270 1252 492 1333 interpretatio
515 1253 605 1317 modo
635 1256 667 1318 et
695 1255 816 1330 statim,
851 1253 927 1336 quia
950 1273 1044 1318 usum
1067 1252 1173 1318 Plauti
1196 1253 1373 1333 genuinum

199 1357 360 1434 praestat;
388 1353 445 1417 sed
475 1353 538 1418 hac
567 1353 608 1418 de
630 1373 664 1418 re
686 1357 799 1436 postea
821 1354 972 1418 dicemus.
1024 1352 1146 1418 Deinde
1174 1373 1373 1436 veroquam

200 1452 340 1518 maxime
356 1454 440 1518 mira
453 1453 505 1517 illa
521 1453 651 1536 scriptio
666 1454 738 1529 vols,
755 1454 884 1537 qualem
900 1454 1038 1519 formam
1052 1454 1257 1535 grammatici
1272 1454 1373 1518 nostri

200 1573 258 1636 per
274 1554 492 1618 coniecturam
510 1554 765 1637 antiquissimam
783 1555 878 1619 fuisse
898 1559 1097 1630 statuerunt;
1120 1558 1151 1619 et
1166 1554 1228 1618 hac
1245 1574 1375 1638 quoque

201 1654 241 1718 de
263 1674 298 1718 re
319 1654 402 1719 inira
425 1655 653 1737 disputandum
676 1655 744 1720 erit.
787 1656 902 1720 Moneo
924 1659 1042 1733 autem,
1067 1654 1154 1738 quod
1177 1655 1220 1718 ad
1240 1674 1373 1719 manum

201 1758 258 1831 est,
280 1754 358 1819 illud
374 1756 435 1819 veis
455 1755 488 1818 in
504 1755 657 1837 glossario
675 1775 764 1821 mero
785 1776 892 1821 errore
908 1755 1028 1820 librarii
1043 1775 1101 1837 per
1120 1754 1374 1837 dittographiam

202 1857 309 1919 ortum
330 1875 399 1921 esse
422 1875 528 1938 posse;
551 1856 695 1938 sequitur
717 1857 801 1920 enim
817 1877 833 1920 s
849 1852 955 1921 littera
973 1857 1061 1919 vocis
1080 1857 1196 1921 statiua
1228 1855 1374 1937 Denique

202 1955 297 2020 valde
319 1956 519 2034 miraremur,
541 1957 567 2020 si
588 1957 621 2021 in
642 1957 699 2020 tali
720 1955 873 2038 glossario
894 1960 963 2022 tarn
978 1957 1122 2020 obsoleta
1137 1955 1250 2034 forma,
1273 1975 1373 2038 quam

203 2056 331 2138 ignorat
349 2060 418 2121 tota
439 2056 623 2140 antiquitas
643 2057 736 2122 nobis
756 2060 840 2121 esset
861 2061 999 2122 servata.

286 2157 439 2238 Superest
460 2157 547 2221 aliud
568 2158 665 2239 idque
686 2158 825 2239 gravius.
856 2157 1013 2238 Prospere
1036 2156 1121 2221 enim
1139 2156 1264 2234 accidit,
1286 2156 1374 2238 quod

204 2257 237 2321 in
251 2256 343 2322 Pauli
368 2257 523 2340 excerptis
544 2277 649 2339 pauca
671 2258 784 2322 saltem
806 2258 906 2323 verba
927 2258 967 2322 de
990 2257 1187 2321 disiunctivis
1209 2257 1374 2339 particulis

202 2358 287 2422 diem
309 2357 461 2423 tulerunt.
504 2358 652 2440 Legimus
676 2359 720 2423 ibi
743 2379 767 2422 s.
790 2378 819 2423 v.
844 2358 891 2422 oei
912 2379 944 2440 p.
966 2359 1037 2437 561,
1050 2359 1089 2422 33
1109 2357 1163 2422 P.:

288 2457 343 2523 Vel
360 2459 517 2541 colligatio
539 2458 665 2544 quidam
687 2466 731 2523 est
747 2459 947 2538 disiunctione,
969 2459 1024 2522 sed
1046 2479 1111 2522 uou
1125 2478 1236 2521 earum
1252 2478 1371 2534 rerum,

199 2579 280 2639 quoe
300 2566 420 2624 natura
441 2559 599 2645 disiumua
619 2567 711 2639 suut,
743 2561 779 2624 iu
800 2560 913 2645 quibus
941 2566 998 2625 uui
1018 2560 1236 2623 coniunctione
1256 2558 1372 2621 radius

199 2661 330 2738 utimur,
352 2667 403 2724 ut:
432 2666 489 2724 aut
518 2660 584 2724 dies
612 2667 654 2724 est
682 2667 739 2724 aui
766 2680 846 2738 uon,
875 2661 929 2725 sed
956 2681 1081 2738 currum,
1111 2680 1191 2745 quoe
1211 2681 1276 2723 uou
1294 2665 1371 2723 suut

200 2767 318 2837 contro,
339 2761 485 2842 equibus
503 2781 584 2842 quae
602 2761 745 2845 eligatur,
761 2760 844 2825 nihil
860 2762 995 2839 interest,
1017 2765 1052 2825 ut
1069 2759 1197 2825 Eunias
1214 2760 1373 2834 (Bahrens

199 2881 232 2943 p,
252 2860 271 2925 l.
293 2860 331 2925 fr.
351 2861 388 2926 fr.
412 2860 485 2942 376>

429 2980 475 3032 Vel
492 2985 522 3034 tu
541 2980 658 3032 diumor
675 2979 716 3032 uel
733 2993 862 3046 equorum
879 2979 1049 3047 equitumque
1066 2980 1194 3046 magister

422 3067 488 3119 Esto
503 3067 544 3120 uel
560 3068 661 3120 consul.

282 3172 354 3251 Quo
377 3172 447 3236 loco
469 3172 563 3237 valde
584 3172 672 3237 dolet
700 3173 787 3255 quod
810 3173 922 3238 Festus
944 3172 1049 3248 deest,
1079 3171 1199 3236 nedum
1223 3170 1371 3234 Verrium

201 3272 419 3355 pretiosissimi
442 3273 547 3354 operis
569 3276 733 3338 auctorem
756 3273 936 3338 redivivum
965 3292 1004 3336 ex
1025 3271 1110 3336 Orco
1132 3290 1295 3352 emergere
1318 3291 1373 3335 ve·

200 3375 273 3450 lirn3
294 3373 420 3455 quodsi
439 3377 549 3438 tamen
568 3373 736 3452 accideret,
758 3373 940 3438 accuratius
957 3372 1119 3450 sciremus,
1142 3371 1220 3454 quid
1239 3371 1372 3436 vetusti-

200 3493 272 3538 ores
301 3474 506 3554 grammatici
537 3474 577 3538 de
610 3475 640 3537 vi
674 3478 706 3537 et
735 3473 967 3555 significatione
997 3472 1165 3554 utriusque
1194 3472 1372 3554 particulae

198 3575 415 3639 tradidissent.
449 3573 543 3639 Certe
563 3575 767 3656 agnoscimus
788 3575 852 3638 iam
871 3574 930 3638 illis
946 3573 1146 3655 temporibus
1159 3573 1244 3637 viros
1260 3573 1372 3636 doctos

201 3675 262 3739 hac
284 3675 317 3740 in
339 3674 544 3757 quaestione,
572 3695 656 3757 quae
685 3675 728 3739 ad
753 3677 800 3740 uel
830 3678 863 3739 et
891 3681 946 3738 out
974 3673 1201 3754 distinguenda
1222 3673 1369 3755 pertinet,

199 3779 343 3840 versatos
364 3795 431 3839 esse
452 3795 558 3858 neque
580 3795 633 3839 me
654 3776 763 3857 pudet,
786 3794 859 3839 cum
880 3775 954 3839 talis
976 3775 1066 3839 ducis
1087 3775 1217 3838 nomine
1241 3773 1370 3855 gloriari

204 3875 333 3957 possim,
355 3876 386 3939 in
410 3876 521 3941 eadem
546 3895 581 3940 re
603 3876 722 3941 debiles
744 3879 776 3939 et
797 3875 904 3940 adhuc
923 3875 1105 3957 inexpertas
1116 3876 1198 3938 vires
1214 3894 1370 3938 exercere.

285 3975 450 4054 Quantum
478 3997 554 4041 vero
586 3976 710 4041 intersit
737 3977 820 4040 inter
841 3975 997 4039 Prisciani
1026 3979 1057 4040 et
1078 3975 1172 4040 Verri
1193 3975 1369 4052 scientiam,

198 4077 293 4142 liceat
315 4077 393 4140 mihi
421 4097 487 4143 uno
515 4078 690 4161 specimine
720 4077 889 4142 illustrare.
940 4076 1083 4160 Uterque
1103 4077 1205 4154 enim,
1233 4081 1269 4142 ut
1297 4095 1369 4140 sen-
