3030 4838
651 298 857 363 ..54-

169 475 307 540 formula
336 482 400 557 est,
434 478 523 542 cuius
554 477 719 559 propriam
753 474 1019 558 significationem
1050 478 1195 556 tempus,
1229 478 1267 539 ut
1295 476 1341 539 ita

170 574 292 654 dicam,
325 576 552 654 admomordit‚
586 576 643 640 sed
672 580 782 641 tamen
813 577 846 638 in
869 576 1015 639 versione
1044 573 1245 656 respicienda
1278 579 1337 638 est.

168 674 291 738 Eodem
315 676 413 740 modo
441 695 516 740 cum
546 675 753 739 strictissimis
784 675 950 758 imperatis
974 674 1160 756 saepissime
1185 673 1232 735 sis
1263 692 1340 736 con-

169 774 327 857 iungitur;
356 778 393 839 ut
421 794 523 839 unum
551 795 610 858 pro
632 775 741 839 multis
770 775 952 858 exemplum
982 775 1132 839 afferam:
1164 774 1256 838 Most.
1278 773 1340 837 569

170 876 223 940 abi
242 877 286 940 sic
308 874 408 940 heluo.
437 875 604 940 Habemus
625 875 678 939 hic
700 874 851 956 reliquias
871 874 1015 956 priorum
1037 877 1231 954 temporum,
1255 892 1340 955 quae

169 974 359 1040 urbaniores
380 994 486 1039 mores
507 973 625 1038 vidisse
646 973 773 1038 debent.

210 1098 309 1163 Rud.
335 1099 410 1164 1401
424 1119 472 1181 sq.
495 1098 558 1180 (vel
573 1125 612 1148 =
625 1098 859 1179 meinetwegen
880 1095 988 1178 sogar)

320 1198 477 1267 vapulabis,
496 1199 604 1251 verbum
624 1198 646 1250 si
665 1197 747 1250 addes
766 1215 857 1250 unum.
877 1227 910 1234 —-
931 1196 980 1249 Vel
997 1196 1085 1249 hercle
1104 1196 1193 1248 enica:

320 1283 380 1336 Non
400 1286 493 1338 tacebo
513 1300 638 1351 umquam
658 1283 710 1336 alio
729 1287 816 1352 pacto,
834 1284 887 1335 nisi
906 1282 1005 1336 talento
1025 1282 1190 1350 comprimor.

251 1378 412 1442 Addenda
435 1380 510 1441 sunt
530 1377 662 1442 nonulla
692 1376 756 1441 alia
786 1376 929 1440 eiusdem
959 1376 1046 1440 modi
1070 1377 1217 1458 exempla
1238 1377 1337 1458 parti-

170 1477 271 1556 culae,
293 1477 349 1542 ubi
365 1479 412 1542 cel
434 1477 477 1541 ad
499 1476 724 1560 imperativum
748 1476 872 1540 accedit
893 1476 940 1540 ita
960 1476 1100 1559 quidem,
1122 1479 1159 1541 ut
1180 1476 1246 1540 bis
1268 1479 1339 1542 aut

169 1576 346 1660 saepius
367 1581 560 1660 ponatur.

211 1685 244 1749 M
251 1704 308 1749 en.
331 1684 393 1750 690
401 1690 449 1766 s'q.
473 1683 589 1766 (vel=
602 1683 681 1748 oder
703 1701 798 1746 wenn
820 1701 853 1745 es
877 1681 927 1745 dir
948 1681 1086 1762 genebm
1108 1680 1160 1762 ist)

542 1783 643 1852 patiar:
663 1782 712 1834 tibi
730 1782 807 1846 habe,
827 1780 910 1846 aufer,
928 1783 1004 1833 utere

321 1868 372 1923 Vel
389 1874 427 1935 tu,
447 1869 488 1922 vel
506 1872 553 1920 tua
570 1884 647 1934 uxor,
661 1867 702 1920 vel
722 1868 799 1920 etiam
819 1867 847 1918 in
865 1866 966 1919 loculos
985 1867 1158 1935 compingite;

172 1967 278 2027 totum
297 1962 501 2027 enuntiatum
522 1961 604 2026 adeo
626 1961 694 2024 eius
715 1959 770 2042 qui
792 1959 973 2041 appellatur
1002 1960 1170 2025 arbitrium
1198 1960 1338 2043 respicit,

170 2065 207 2127 ut
229 2061 366 2126 alterum
395 2079 524 2142 quoque
546 2063 578 2124 et
598 2059 729 2123 tertium
751 2059 798 2124 vet
816 2059 973 2123 vertenda
999 2058 1064 2124 sint
1094 2079 1209 2141 „wenn
1232 2082 1265 2126 es
1289 2063 1339 2127 dir

172 2159 322 2226 beliebt“.

211 2269 244 2333 M
251 2287 327 2332 erc.
348 2267 409 2332 308
420 2286 490 2348 sqq.
514 2264 577 2347 (vel
592 2265 721 2329 :oder
740 2284 836 2329 wenn
858 2266 902 2329 du
922 2264 1029 2346 willst)

321 2366 419 2420 Decide
438 2366 534 2419 collum
554 2366 644 2428 stanti,
663 2365 686 2417 si
704 2364 800 2417 falsum
818 2364 928 2433 loquor:

321 2452 419 2504 Velut
438 2452 507 2504 scias
525 2468 566 2504 me
585 2468 682 2518 amare,
702 2468 766 2520 cape
786 2451 899 2504 cultrum
919 2467 949 2504 ao
973 2468 1034 2505 seca

322 2537 440 2606 Digitum
458 2537 500 2590 νο]
518 2555 608 2590 aurern
626 2538 667 2591 vel
686 2542 716 2590 tu
735 2554 844 2591 nassum
863 2538 904 2590 νο]
922 2538 1035 2592 labrum.

211 2632 320 2696 Pers
344 2631 404 2696 398
426 2630 489 2710 (vel
501 2631 601 2696 -vel
614 2659 654 2682 =
667 2632 728 2695 wie
750 2652 783 2696 es
804 2630 854 2694 dir
874 2630 1005 2712 beliebt)

323 2729 371 2783 Vel
389 2734 420 2783 tu
440 2747 481 2783 me
499 2730 584 2783 vende
602 2730 643 2783 νο]
662 2747 703 2783 me
721 2731 779 2783 iace
797 2732 861 2799 quid
881 2733 930 2784 tibi
949 2733 1035 2798 lubot3

172 2845 268 2907 quem
300 2843 429 2888 versum
466 2823 611 2887 similiter
642 2827 752 2888 nostra
791 2825 900 2907 lingua
940 2825 1118 2914 exprimere
1149 2844 1338 2908 possumus:

173 2943 304 3006 ,wenns
324 2922 453 3000 beliebt‚
475 2922 626 2986 verkaule
649 2922 745 3003 mich,
768 2944 878 2988 werms
899 2925 1029 3001 beliebt‚
1051 2925 1166 2990 mache
1187 2924 1247 2989 mit
1268 2925 1339 3000 mir,

171 3043 239 3088 was
261 3023 311 3086 dir
329 3020 452 3103 gefallt:
480 3020 533 3084 ich
549 3021 713 3086 iiberlasse
742 3023 819 3087 alles
848 3023 975 3088 deinem
997 3022 1221 3088 Gutddnken“.
1268 3022 1340 3101 Quo

171 3122 285 3187 eodem
306 3120 404 3185 modo
420 3120 502 3185 verti
522 3124 658 3203 possunt

211 3227 315 3293 Rud.
338 3227 400 3291 582

322 3327 363 3379 Tu
379 3326 421 3379 νο]
441 3326 510 3379 suda
530 3326 571 3379 vel
590 3327 648 3395 peri
667 3327 729 3395 algu
748 3328 790 3380 νο]
808 3333 837 3380 tu
856 3332 964 3396 aegrota
981 3328 1022 3381 νο]
1041 3329 1100 3382 vale

171 3423 203 3484 et
223 3418 323 3483 Rud.
339 3417 402 3482 430

262 3518 340 3571 Nunc
359 3535 438 3585 quam
458 3520 491 3571 ob
510 3535 565 3571 rem
585 3521 637 3572 huc
655 3537 713 3573 sum
734 3523 824 3588 missa,
844 3523 937 3574 amabo
956 3521 997 3573 vel
1016 3526 1046 3573 tu
1064 3523 1099 3573 mi
1121 3524 1176 3575 aias
1196 3524 1238 3577 vel
1256 3542 1338 3593 neges

171 3614 204 3675 et
224 3611 325 3676 Rud.
350 3613 426 3676 1331

323 3711 403 3765 Proin
422 3716 452 3764 tu
471 3711 513 3765 νο]
534 3713 591 3765 aias
609 3712 650 3764 νο]
669 3729 759 3781 neges.

213 3804 340 3869 Stich.
363 3805 423 3869 719

322 3903 373 3957 Ubi
392 3904 447 3957 illic
465 3905 571 3969 biberit,
589 3903 630 3956 vel
650 3908 752 3956 servato
772 3920 857 3956 meum
877 3892 983 3957 modum
1001 3905 1042 3957 vel
1062 3921 1110 3974 ego
1130 3905 1212 3963 dabo:

171 3996 227 4060 ubi
250 4017 303 4078 epo
319 3998 453 4062 coniecit
470 3995 664 4063 Ritschelius
678 4017 738 4079 pro
755 4004 789 4060 tu
812 3998 843 4060 in
861 3999 1025 4063 codicibus
1039 4004 1179 4064 exarato.
1219 3999 1338 4065 Sensus

172 4094 217 4158 ita
243 4096 459 4161 circumscribi
482 4098 604 4179 potest:
629 4096 741 4178 ,wolle
763 4097 927 4161 entweder
948 4098 1007 4162 das
1024 4097 1109 4163 Mass
1129 4099 1205 4164 inne
1226 4100 1337 4165 halten
