3030 4838
589 259 874 338 -na-‘

76 537 80 543 .
140 455 249 518 Asin.
272 454 334 518 870
352 473 398 534 sq.
586 443 642 536 Ege
661 484 756 520 censeo

203 555 269 606 llum
289 555 367 605 etiam
387 553 517 606 heminam
537 554 564 606 in
584 559 678 607 senatu
697 556 760 607 dara
778 571 886 622 operam
905 559 952 607 aaut
970 555 1129 609 cluantibus.

140 648 226 712 Aul.
246 649 288 710 48

203 748 231 800 Si
250 746 338 799 hercle
358 744 436 798 hodia
456 745 551 798 fustem
572 762 665 814 cepero
685 751 732 799 aut
750 746 886 799 stimulum
905 748 933 800 in
952 764 1059 800 manum
1078 763 1100 799 c.
1112 763 1137 815 q.
1149 763 1170 799 s.

140 841 226 904 Aul.
249 842 290 904 85
309 860 356 921 sq.

302 937 396 988 Mirum
416 935 481 1004 quin
501 940 547 988 tua
567 952 608 988 mc
627 951 708 988 causa
726 936 807 988 iaciat
825 936 946 1006 Iuppiter

302 1021 454 1091 Philippum
474 1038 562 1090 regem
582 1025 628 1074 aut
646 1022 769 1089 Dareum,
788 1023 950 1075 trivaneiica.

141 1117 229 1181 Aul.
253 1117 308 1179 791
325 1135 394 1197 sqq.

421 1212 492 1248 nunc
512 1199 538 1248 ta
557 1196 683 1260 obtestor,
702 1197 804 1264 Euclio,

203 1284 238 1337 Ut
257 1283 344 1351 siquid
363 1298 411 1349 ego
431 1298 493 1348 erga
510 1284 537 1333 ic
555 1282 709 1350 imprudens
730 1283 837 1350 peccavi
856 1287 902 1335 aut
921 1287 1026 1351 gnatam
1047 1273 1128 1350 tuam,

204 1369 239 1422 Ut
257 1369 291 1419 mi
311 1368 433 1434 ignoscas
453 1382 476 1418 c.
488 1382 511 1433 q.
523 1381 544 1418 s.

141 1463 286 1527 Bacch.
308 1461 370 1524 498
390 1480 437 1542 sq.

239 1561 278 1613 lbi
298 1575 385 1624 cursu,
404 1559 538 1625 luctando,
559 1559 644 1625 hasta,
663 1559 745 1626 disco,
765 1560 895 1629 pugilatu,
915 1560 979 1629 pila,

240 1645 364 1697 Saliendn
384 1661 441 1697 sese
461 1646 619 1698 exercebant
638 1645 721 1712 magis
741 1662 818 1714 quam
839 1649 925 1698 scorto
946 1649 992 1698 aut
1011 1645 1100 1698 saviis

141 1739 287 1804 Bacch.
309 1739 369 1802 649
387 1759 434 1820 sq.

240 1837 299 1889 Non
318 1836 381 1888 mihi
402 1836 447 1888 isti
467 1836 573 1904 placent
591 1835 778 1901 ParmencncS,
799 1835 868 1904 Syri,

240 1920 290 1982 Qui
310 1920 376 1972 duas
396 1924 442 1972 aut
459 1921 507 1972 tris
527 1920 612 1973 minas
631 1920 755 1972 auferunt
774 1921 833 1973 eris.

143 2014 230 2078 Cas.
257 2014 316 2077 167

241 2113 296 2180 Ego
316 2113 358 2165 hic
377 2127 430 2177 erc,
449 2112 489 2163 vir
507 2113 530 2164 si
549 2116 595 2163 aut
614 2112 745 2179 quispiam
765 2117 881 2180 quaeret.

144 2207 239 2270 cist.
267 2207 325 2270 134
343 2225 389 2286 sq.

242 2305 314 2368 Quae
334 2320 413 2373 saepe
432 2320 532 2356 mecum
553 2304 712 2354 mentionem
731 2303 837 2367 facerat,

242 2393 355 2444 Puerum
376 2396 422 2444 aut
440 2390 554 2459 puellam
574 2389 696 2442 alicunde
715 2395 745 2442 ut
763 2391 904 2457 reperirem
924 2390 983 2442 sibi.

146 2486 244 2550 cist.
267 2487 329 2550 364
350 2485 512 2566 aptissime
535 2487 566 2545 et
588 2482 630 2546 ad
648 2502 777 2546 sensum
801 2485 833 2546 et
854 2482 896 2546 ad
913 2489 970 2547 aut
986 2483 1162 2563 particulae
1178 2503 1270 2548 usum

106 2586 280 2668 Seyffertus
303 2585 346 2647 sic
369 2582 546 2664 supplevit:

243 2690 312 2753 Quid
332 2706 380 2758 ego
399 2706 510 2759 usquam
531 2689 598 2741 male
617 2688 667 2741 feci
685 2688 734 2740 tibi
752 2687 811 2756 <aut
824 2686 909 2753 m>cus
923 2688 1072 2757 quisquam,
1092 2689 1119 2740 id
1136 2688 1272 2742 edisserta.

146 2787 242 2850 Men.
265 2785 326 2849 690
347 2803 393 2865 sq.

243 2883 373 2951 Numquis
393 2897 526 2935 servorum
546 2880 678 2950 deliquit?
695 2898 758 2934 num
778 2881 891 2934 ancillae
909 2885 956 2933 aut
974 2880 1042 2933 servi
1063 2880 1111 2932 tibi

243 2965 433 3036 Responsantl

147 3056 243 3120 Men.
265 3054 326 3118 897
349 3071 459 3116 versus
480 3054 667 3132 corruptus:

245 3154 304 3206 Tibi
324 3155 370 3205 aut
389 3151 454 3204 adeo
473 3152 527 3216 isti,
546 3166 614 3218 quae
634 3150 697 3201 mihi
718 3149 854 3201 molestast
873 3165 978 3218 quoquc
995 3149 1083 3202 modo.

106 3253 163 3312 aut
183 3247 278 3324 adeo,
309 3244 397 3327 quod
419 3244 471 3307 hic
492 3241 650 3324 significat
674 3243 771 3321 „oder
791 3240 880 3322 gar“‚
912 3245 1040 3322 praeter
1061 3243 1148 3306 hunc
1168 3243 1274 3307 locum

106 3346 195 3426 apud
225 3344 374 3407 Plautum
405 3361 469 3405 non
499 3340 660 3404 invenitur
689 3340 748 3403 nisi
777 3339 896 3420 Amph.
920 3340 992 3404 169:
1022 3360 1083 3421 qao
1105 3340 1191 3424 facto
1219 3349 1276 3407 aet

108 3444 191 3508 dicto
213 3443 320 3507 adeost
342 3459 430 3524 opas,
453 3438 508 3503 ubi
530 3445 588 3502 aut
608 3439 687 3502 adeo
709 3438 795 3502 valet
819 3438 916 3518 „oder
938 3439 1023 3502 auch
1045 3439 1136 3504 nur“.

149 3550 245 3613 Men.
268 3548 329 3613 993

210 3648 268 3699 Nisi
288 3646 391 3714 quidem
411 3662 458 3699 vos
477 3645 663 3698 vostre'crura
681 3648 727 3696 aut
745 3644 829 3696 latera
847 3645 895 3697 nili
910 3646 1026 3713 penditis
1046 3663 1068 3698 e.
1079 3662 1103 3713 q.
1114 3661 1135 3698 s,

149 3743 181 3805 Μ
190 3759 266 3804 erc.
288 3740 350 3803 660

211 3837 283 3890 Clam
303 3842 404 3907 patrem
425 3839 511 3905 patria
529 3837 579 3890 hac
597 3836 720 3904 effugiam
740 3840 786 3888 aut
805 3835 905 3904 aliquid
926 3836 1027 3904 capiam
1048 3837 1151 3888 consili.

194 3932 200 3944 '
275 3933 293 3982 ⁶)

151 3931 229 3996 Mll.
254 3934 311 3996 Μ
329 3951 376 4013 sq·
430 4013 602 4066 cecidissetve
621 4015 710 4067 ebrius
731 4018 778 4066 aut
796 4013 828 4065 de
848 4026 915 4079 aquo
933 4011 1047 4078 uspiam,

217 4100 361 4151 Metuerem
380 4114 414 4150 ne
433 4097 471 4149 ihi
492 4096 651 4164 diffregisset
671 4113 748 4151 crura
768 4101 814 4149 aut
833 4095 947 4147 cervices
966 4095 1025 4147 sibi.
