3030 4838
733 342 775 351 -
817 307 858 372 76
902 343 940 353 ..

275 482 421 547 Heaut.
446 484 505 547 15u

457 585 480 636 si
501 585 560 653 quis
579 590 649 637 recte
668 590 715 637 ant
732 586 867 638 commode

385 670 531 724 Tractaret.

276 742 565 846 Heaut'657sq.

490 863 559 926 Quid
579 880 650 917 nune
669 865 805 931 suspicare
825 869 872 917 aut
889 866 993 918 invenis

387 951 425 1003 De
443 950 511 1004 illa?

276 1043 420 1108 Heaut.
443 1043 503 1107 707

386 1144 462 1196 Satin
481 1160 562 1197 sanus
583 1159 610 1195 es
630 1146 676 1195 aut
695 1143 820 1195 sobrius?

235 1237 281 1300 sie
301 1237 507 1300 scribendum
528 1240 576 1300 est
595 1236 750 1300 videlicet.
792 1235 875 1300 Nam
899 1238 1047 1317 quamvis
1068 1240 1209 1321 optimus
1231 1243 1408 1308 Bembinus

238 1343 275 1413 et,
299 1357 472 1401 consensus
489 1340 616 1401 tantum
638 1336 832 1418 reliquorum
850 1337 997 1401 codicum
1013 1347 1069 1402 aut
1090 1341 1249 1421 exhibeat,
1272 1350 1329 1407 aut
1345 1343 1409 1408 hoc

234 1438 304 1501 loco
325 1437 555 1501 Terentianum
577 1457 671 1501 usum
694 1438 858 1518 postulare
879 1438 958 1502 mihi
978 1459 1168 1520 persuasum
1189 1447 1246 1506 est.

274 1543 419 1607 Heaut.
441 1544 502 1608 912

387 1643 585 1714 Quemquamne
603 1645 690 1698 animo
709 1649 763 1697 tarn
783 1646 850 1697 comi
870 1661 928 1698 esse
948 1646 1066 1699 autleni
1086 1651 1164 1716 putas
1185 1664 1207 1701 e.
1218 1665 1244 1717 q.
1254 1665 1276 1702 s.

274 1737 418 1802 Heaut.
443 1738 522 1804 1027

386 1837 461 1901 Quod
482 1844 543 1907 peto
562 1843 609 1891 aut
626 1838 693 1891 volo.

274 1931 432 1995 Phorm.
457 1932 513 1995 191

383 2031 467 2095 Quam
487 2031 529 2082 hic
547 2030 637 2097 fugam
658 2033 705 2081 aut
724 2030 823 2081 furtum
843 2029 939 2102 purat?

273 2125 433 2190 Phorm.
454 2124 516 2190 432

385 2227 440 2278 Aut
457 2231 484 2278 tc
503 2226 588 2279 visum
607 2228 653 2277 aut
672 2224 793 2277 auditum
811 2222 910 2276 velim?

234 2320 289 2385 ubi
311 2320 448 2384 alterum
470 2321 597 2383 tantum
621 2324 677 2381 aut
697 2316 740 2380 ad
763 2316 846 2380 hanc
869 2316 1065 2397 quaestionis
1086 2322 1211 2398 partem
1234 2322 1370 2400 spectac

273 2426 430 2490 Phorm.
453 2426 515 2489 580

383 2524 440 2588 Quo
459 2529 536 2593 pecto
556 2527 602 2577 aut
619 2523 690 2576 unde
709 2524 772 2575 mihi
792 2525 835 2588 sit,
855 2523 998 2576 dicundum
1018 2523 1144 2577 ordinest.

271 2620 430 2683 Phorm.
453 2619 515 2684 952

383 2718 441 2780 Quo
461 2722 539 2785 paeto
558 2721 604 2770 aut
620 2717 692 2770 unde
711 2717 776 2770 haec
795 2716 838 2769 hie
856 2716 982 2769 rescivit?

272 2813 434 2876 Phorm.
457 2813 517 2875 783

384 2917 489 2985 Nequid
507 2921 629 2969 vereatur
646 2914 830 2968 Phormionem
850 2919 896 2967 aut
915 2916 971 2968 eius
993 2918 1146 2971 orationem.

270 3012 428 3076 Phorm.
450 3010 511 3074 848

380 3112 449 3164 Num
470 3110 564 3162 mirum
585 3113 631 3162 aut
649 3125 743 3162 novom
763 3113 803 3162 est
822 3126 844 3162 e.
856 3126 879 3178 q.
892 3125 913 3163 s.

271 3203 430 3268 Phorm.
455 3202 534 3266 1025

230 3303 300 3368 Quid
318 3305 382 3356 mihi
401 3303 443 3355 hie
463 3302 559 3368 adfers,
579 3318 656 3370 quam
676 3302 709 3354 ob
729 3318 782 3353 rem
803 3305 952 3368 exspectem
971 3307 1018 3355 aut
1037 3319 1139 3371 sperem
1158 3321 1236 3373 porro
1254 3322 1310 3360 non
1324 3307 1402 3360 iore?

270 3414 363 3478 Hee.
384 3414 445 3477 549

379 3514 438 3565 Tun
457 3514 608 3582 prospicere
627 3518 673 3565 aut
691 3514 809 3566 iudicare
828 3522 946 3568 nostram
964 3517 993 3568 in
1011 3532 1066 3568 rem
1085 3517 1156 3585 quod
1175 3517 1211 3569 sit
1228 3516 1326 3586 potes?

269 3607 459 3688 Auffim

478 3708 528 3759 vah
548 3723 740 3776 quemquamne
760 3708 892 3760 hominem
911 3710 939 3761 in
958 3711 1045 3762 animo
1065 3711 1204 3763 instituere
1224 3714 1271 3762 aut

380 3794 476 3847 Parare
496 3794 567 3863 quod
586 3795 621 3846 sit
639 3795 725 3846 carius
745 3811 822 3862 quarn
842 3796 900 3864 ipsc
918 3800 957 3848 est
977 3796 1049 3849 sibi?

268 3907 339 3970 Ad.
361 3907 402 3970 55
413 3926 460 3987 sq.

378 4007 444 4058 Nam
463 4006 508 4074 qui
527 4005 632 4058 mentiri
654 4010 700 4058 aut
718 4005 809 4059 fallere
828 4006 941 4058 insuerit
960 4012 1060 4075 patrem
1080 4013 1126 4060 aut

376 4092 502 4159 Audebit,
519 4096 594 4145 tanto
613 4093 697 4160 magis
717 4093 826 4145 audebit
845 4097 960 4159 eeteros3
1000 4089 1003 4095 '
