3030 4838
663 341 701 350 -
745 306 782 368 41
828 341 868 351 .-

207 487 349 568 Amph.
372 486 430 549 271
445 504 493 566 sq.

318 586 394 639 Certe
413 585 515 654 edepol,
535 586 558 638 si
577 587 743 654 quicquamst
762 585 843 650 aliud,
863 585 932 653 quod
952 584 1056 636 credam
1076 588 1122 635 aut
1140 586 1210 636 certo
1230 583 1320 648 sciam,

317 672 400 726 Credo
420 689 468 741 ego
487 673 537 726 hac
554 677 635 726 noetu
654 673 818 725 Nocturnum
837 672 1027 725 obdormivisse
1047 671 1157 723 ebrium.

206 767 321 848 Capt.
344 766 463 846 5d5sq.

317 865 418 934 Edepol
437 867 553 918 minume
572 867 660 932 miror,
678 868 700 918 si
719 871 745 919 te
763 867 861 934 fugitat
879 869 925 917 aut
944 865 1034 917 oculos
1055 868 1115 917 tuos

315 954 370 1005 Aut
388 954 410 1005 si
428 957 454 1005 te
473 953 537 1019 odit,
557 955 602 1022 qui
623 954 703 1006 istum
722 953 840 1022 appelles
858 952 1011 1020 Tyndarum
1032 968 1079 1019 pro
1097 951 1247 1004 Philocrate
1257 970 1264 1015 3

168 1048 207 1111 ad
232 1048 406 1111 verborum
428 1046 692 1128 compositionem
714 1047 823 1110 confer
845 1045 916 1109 Aul.
941 1065 969 1108 v.
992 1046 1032 1109 56
1044 1065 1113 1127 sqq.

206 1153 322 1235 Capt.
342 1153 404 1217 572

316 1254 391 1305 Tune
410 1253 472 1305 huic
492 1252 595 1305 credis?
614 1283 646 1290 —
665 1253 729 1305 Plus
748 1253 853 1322 quidem
873 1268 952 1321 quam
970 1251 1018 1303 tibi
1039 1254 1085 1303 aut
1105 1250 1178 1302 mihi.

205 1346 318 1411 Cure.
344 1347 403 1411 168

318 1446 386 1509 Quid
407 1447 498 1500 vidisti
516 1451 562 1499 aut
582 1446 646 1515 quid
664 1446 766 1499 videbis
785 1447 869 1514 magis
890 1446 930 1498 dis
951 1443 1169 1514 aequiperabile?

205 1541 302 1604 Men.
325 1542 443 1623 710sq.

592 1622 722 1689 Etiamne,
740 1622 890 1691 impudens

303 1712 410 1764 Muttine
429 1712 536 1764 verbum
555 1727 638 1762 unum
656 1710 738 1762 audes
758 1714 803 1762 aut
822 1726 923 1762 mecum
942 1708 1035 1777 loqui?

205 1804 302 1867 Men.
325 1805 386 1868 968
400 1824 447 1886 sq.

304 1904 339 1956 Ut
357 1905 466 1958 absente
485 1921 528 1958 ero
548 1921 602 1956 rem
622 1905 659 1956 eri
678 1903 819 1971 diligenter

304 1992 425 2058 Tutetnr,
445 2009 522 2060 quam
542 1993 565 2045 si
582 1993 641 2060 ipse
659 1991 738 2056 adsit,
757 1994 803 2043 aut
822 1991 927 2042 rectius

206 2083 321 2148 Most.
345 2085 406 2149 me
417 2105 464 2167 sq.

306 2184 441 2253 Siquidem
460 2185 547 2237 hercle
565 2184 736 2237 vendundust
755 2188 838 2251 pater,
860 2183 960 2235 venibit
978 2183 1060 2235 multo
1079 2183 1177 2249 potius,

305 2271 387 2334 Quam
407 2277 434 2325 te
453 2288 494 2324 me
512 2273 570 2324 vivo
589 2288 714 2339 umquam
734 2271 817 2322 sinam
836 2286 913 2338 egere
931 2274 978 2322 aut
996 2269 1154 2322 mendicare.

207 2365 318 2429 Most.
339 2366 400 2430 923

305 2464 395 2532 Egone
414 2468 440 2517 te
458 2464 545 2518 ioculo
565 2465 641 2517 modo
660 2465 745 2516 ausim
765 2464 834 2517 dieto
855 2467 900 2515 aut
919 2463 988 2515 lacto
1008 2461 1119 2514 tallere?

207 2557 314 2621 Trin.
334 2558 395 2621 t06

305 2655 381 2718 Quod
400 2658 512 2726 quisque
531 2657 559 2709 in
579 2658 665 2711 animo
684 2658 765 2710 habet
783 2662 829 2709 aut
846 2657 999 2709 habiturust
1017 2656 1113 2708 sciunt.

249 2812 339 2895 516.
380 2816 444 2880 Sed
466 2835 532 2880 non
553 2816 655 2880 solum
678 2817 777 2881 verba
806 2816 931 2896 singula
953 2816 1004 2879 vel
1026 2816 1120 2898 plura
1141 2835 1199 2898 per
1218 2822 1273 2878 eut
1294 2815 1339 2878 ita

171 2916 490 2998 coniunguntur,
513 2920 549 2980 ut
569 2917 704 2980 alterum
727 2917 864 2981 alterum
886 2917 1034 2997 corrigat,
1057 2917 1113 2980 sed
1136 2920 1223 2980 tota
1241 2935 1339 2997 quo·

171 3036 243 3097 que
265 3017 483 3081 enuntiata
505 3017 825 3097 interrogativa,
858 3017 979 3081 directa
1001 3020 1033 3080 et
1055 3017 1226 3093 indirecta,
1256 3035 1341 3097 quae

170 3116 357 3199 plerumque
389 3117 525 3180 eandem
557 3137 625 3181 rem
652 3117 701 3180 his
723 3122 755 3181 et
775 3118 865 3181 vario
888 3118 984 3181 modo
1007 3117 1208 3199 exprimunt,
1238 3117 1341 3180 itaut

171 3215 253 3280 idem
275 3236 388 3280 sensus
410 3217 460 3280 bis
481 3217 612 3281 oriatur.
657 3217 793 3299 Saepius
814 3237 890 3281 vero
909 3217 1007 3281 etiam
1025 3217 1150 3280 diversa
1167 3217 1340 3295 continent,

171 3317 195 3380 si
223 3317 249 3381 is
278 3317 333 3399 qui
363 3317 505 3399 loquitur
534 3337 568 3381 re
598 3317 706 3399 aliqua
735 3338 820 3382 nova
842 3322 939 3400 atque
962 3318 1127 3399 inopinata
1153 3318 1340 3396 concitatus

173 3417 249 3498 quid
278 3417 417 3499 primum
448 3421 600 3499 quaerat,
630 3419 708 3499 quid
730 3423 928 3499 postremum
952 3418 1069 3494 nescit,
1101 3419 1210 3500 itaque
1232 3419 1341 3483 omnia

173 3518 352 3597 promiscue
372 3518 501 3599 profert.
546 3519 649 3582 Huius
670 3538 799 3600 quoque
820 3539 897 3583 usus
911 3518 1074 3582 luculenta
1089 3519 1176 3600 apud
1188 3520 1340 3584 Plautum

171 3617 316 3698 exempla
347 3622 489 3695 exstant,
525 3638 542 3681 e
573 3619 689 3700 quibus
722 3620 897 3683 sententias
929 3619 1174 3699 interrogativas
1204 3620 1342 3684 directas

171 3717 273 3798 primo
297 3718 365 3781 loeo
387 3737 484 3799 pono.

209 3817 350 3900 Amph.
372 3819 435 3882 roo

308 3916 377 3979 Quid
395 3919 477 3985 igitur
496 3933 543 3985 ego
566 3917 680 3971 dubito?
707 3919 761 3971 Aut
780 3935 826 3972 cur
845 3936 899 3973 non
913 3922 982 3972 intro
997 3936 1027 3973 eo
1043 3922 1071 3972 in
1086 3924 1202 3972 nostram
1217 3919 1343 3971 domum?

211 4010 351 4093 Amph.
377 4010 456 4074 1028

308 4109 375 4172 Quid
391 4126 432 4162 me
446 4114 577 4178 aspectas,
591 4110 706 4163 stolide?
726 4112 789 4180 quid
803 4128 874 4163 nunc
887 4113 926 4164 vis
940 4112 1009 4165 tibi?
1033 4111 1089 4163 Aut
1103 4111 1161 4179 quis
1177 4111 1229 4163 tu's
1244 4111 1339 4164 homo?
