3030 4838
736 361 776 373 -
819 327 861 392 94
902 363 942 375 ..

257 503 290 564 et
312 519 339 565 c.
360 499 401 564 82
423 519 452 563 v.
478 500 573 581 lsqq.

406 597 506 662 Quinti,
529 600 552 651 si
571 599 620 651 tibi
638 601 678 652 ris
698 600 788 654 oculos
808 602 904 656 dobere
922 602 1056 658 Catullum

458 685 512 736 Aut
531 684 602 736 aliud
622 685 711 753 siquid
729 687 815 739 carius
835 692 875 741 esi
894 690 987 755 oculis,

406 771 514 838 Eripere
534 771 558 822 ei
576 770 632 823 noli
651 786 674 822 e.
685 788 709 838 q.
720 788 741 824 s.

253 884 291 929 ea
313 862 491 945 particulae
521 864 568 928 vis
598 866 802 944 agnoscenda
824 871 887 946 est,
916 888 1015 950 quarn
1038 871 1209 937 vertimus:
1245 874 1342 954 „oder
1366 895 1422 940 um

253 964 340 1029 mich
360 964 477 1028 anders
499 962 771 1027 auszudrricken“.

332 1064 548 1128 Premendum
579 1082 654 1127 vero
684 1068 747 1140 est,
788 1066 876 1145 quod
908 1067 940 1130 in
973 1067 1096 1150 epylliis
1124 1075 1156 1135 et
1190 1071 1331 1138 elatioris
1358 1074 1422 1139 stili

252 1164 449 1229 carminibus
476 1163 621 1228 Catullus
647 1183 827 1246 numquam
857 1168 902 1245 pei
930 1168 1111 1251 usurpavit,
1141 1170 1240 1235 immo
1267 1172 1362 1238 anxie
1391 1178 1424 1238 et

252 1264 397 1328 consulto
433 1263 568 1326 evitasse
601 1261 736 1326 videtur.
781 1264 817 1326 ln
850 1264 895 1327 eis
923 1285 1014 1345 vero,
1047 1286 1130 1349 quas
1159 1270 1287 1351 proprie
1317 1291 1422 1352 nugas

251 1365 401 1447 appellat,
425 1363 664 1427 conscribendis
683 1362 820 1427 libenter
843 1383 881 1428 ea
903 1365 1062 1445 particula
1084 1367 1194 1432 utitur.
1233 1368 1325 1449 Quae
1346 1391 1420 1436 cunr

249 1465 295 1530 ita
319 1465 399 1542 sint,
432 1462 688 1528 concludendum
721 1467 769 1526 est
800 1466 930 1544 poetam
963 1464 1009 1528 vei
1040 1466 1276 1548 colligationem
1306 1472 1420 1536 eodem

249 1565 347 1628 modo
367 1583 432 1645 quo
453 1567 484 1627 et
506 1563 568 1626 alia
583 1562 683 1627 verba
701 1565 737 1626 ut
755 1562 851 1627 nimis
862 1564 1029 1644 vulgarem
1047 1584 1113 1630 non
1128 1567 1259 1649 dignam
1279 1575 1420 1651 putasse,

248 1684 348 1746 quam
376 1664 409 1727 in
442 1661 558 1744 epyllia
592 1665 623 1725 ei
651 1661 757 1742 elegos
786 1663 950 1744 reciperet.
1000 1664 1149 1730 Fortasse
1177 1667 1292 1732 eadem
1321 1688 1422 1734 causa

248 1762 416 1827 Terentius
438 1765 619 1825 commotus
640 1765 702 1837 est,
725 1766 761 1825 ut
782 1780 848 1842 quo
870 1762 1076 1829 urbaniorem
1100 1770 1132 1831 et
1151 1766 1330 1848 politiorem
1353 1787 1420 1844 ser-

248 1881 380 1927 monem
411 1880 506 1925 suum
535 1859 691 1936 reddidit,
720 1880 758 1923 eo
786 1861 890 1940 magis
919 1865 966 1927 vei
992 1863 1185 1943 particulam
1207 1886 1225 1932 e
1245 1869 1421 1935 comoediis

247 1963 312 2028 suis
333 1961 458 2025 exulem
477 1960 593 2024 eiceret
616 1957 701 2039 (vide
723 1978 821 2040 supra
844 1980 874 2041 p.
894 1958 958 2039 86).

330 2060 512 2125 Lucretium
542 2058 597 2140 qui
627 2058 680 2123 hic
703 2058 877 2137 desideret,
904 2060 937 2123 in
959 2061 1065 2143 capite
1086 2063 1175 2145 quod
1196 2065 1340 2148 sequitur
1362 2087 1418 2132 ex·

245 2165 350 2226 tremo
372 2163 517 2241 quaerat.

363 2382 465 2461 v111.
502 2381 652 2459 Decet
682 2386 723 2454 et
747 2395 823 2454 aut
854 2383 1065 2474 particulis
1091 2385 1135 2457 in
1167 2405 1293 2478 prosa

653 2512 841 2586 oratione
865 2514 1011 2586 obviis.

326 2645 346 2726 5
369 2647 394 2710 l.
427 2646 591 2711 Hactenus
614 2647 654 2710 de
675 2647 787 2729 poetis,
810 2646 865 2727 qui
888 2649 1034 2728 ternpore
1055 2646 1174 2711 liberae
1196 2648 1241 2713 rei
1262 2650 1413 2731 publicae

240 2746 427 2810 floruerunt.
471 2745 583 2809 Omnis
611 2751 719 2809 autem
752 2746 811 2808 lex·
830 2745 999 2810 invertitur
1028 2745 1078 2809 vel
1106 2750 1193 2811 totus
1215 2749 1307 2831 quasi
1335 2768 1413 2813 con-

241 2848 370 2927 spectus
392 2848 620 2922 commutatur,
641 2845 667 2907 si
689 2863 805 2926 prosae
825 2863 924 2925 quam
940 2843 1075 2909 dicimus
1092 2847 1246 2911 orationis
1261 2847 1412 2931 reliquias

241 2943 481 3027 antiquissimas
496 2942 681 3024 inspicimus
697 2946 728 3006 et
743 2961 836 3006 usum
854 2941 1016 3024 loquendi,
1040 2944 1145 3026 qualis
1159 2945 1202 3008 ibi
1219 2945 1412 3023 inveniatur,

240 3044 434 3126 quaerimus
467 3043 673 3124 Quamquam
696 3042 722 3105 si
745 3041 968 3105 historicorum
992 3046 1024 3107 et
1044 3048 1208 3109 oratorum
1228 3045 1411 3126 fragmenta

239 3143 386 3220 consulis,
407 3161 523 3224 parurn
547 3140 692 3219 efficitur,
715 3141 835 3223 quippe
857 3160 941 3222 quae
962 3141 1009 3205 ecl
1031 3146 1081 3207 ter
1102 3143 1292 3208 exhibeant:

320 3242 453 3307 Catonis
474 3241 565 3322 irgm.
591 3242 709 3322 (Meyer
730 3243 811 3304 orat.
832 3241 926 3304 Rom.
949 3241 987 3305 fr.
1012 3242 1061 3306 ed.
1084 3244 1114 3306 ll
1136 3262 1166 3324 p.
1180 3243 1269 3326 lssdlz
1290 3243 1409 3308 Frusio

232 3344 333 3427 ponis
356 3342 488 3407 conduci
507 3348 612 3425 potest,
635 3344 681 3405 vet
703 3342 751 3407 uti
772 3346 883 3422 iaceat,
902 3341 948 3405 cel
967 3343 1015 3405 uti
1034 3341 1189 3427 loquutur.
1303 3407 1305 3412 ,

320 3440 354 3505 C.
377 3440 514 3506 Gracchi
544 3442 643 3506 verba
674 3440 793 3522 (Meyer
822 3461 853 3523 p.
876 3441 969 3520 iiii:
1009 3442 1071 3523 Qui
1099 3450 1202 3507 autern
1233 3463 1270 3507 cx
1301 3442 1409 3507 rodem

238 3541 302 3604 loco
324 3547 417 3621 atque
439 3541 550 3605 ordine
572 3547 681 3621 tacent,
702 3542 728 3603 ii
750 3541 796 3603 vel
817 3542 967 3604 acerrimi
987 3547 1071 3605 surii.

317 3640 486 3722 Semproni
508 3639 677 3704 Asellionis
698 3640 790 3720 frgm.
814 3640 850 3703 lb
873 3640 981 3721 (Peter
1001 3641 1075 3705 hist.
1090 3641 1184 3705 Rom.
1205 3641 1241 3705 fr.
1264 3660 1296 3722 p.
1316 3640 1405 3723 183):

236 3741 285 3803 Ne
299 3747 427 3824 possent
449 3741 496 3804 vel
517 3742 656 3804 sationes
676 3739 784 3821 fucere
802 3740 858 3803 hor
877 3760 964 3803 secus
976 3739 1032 3820 (ἧς

234 3841 351 3922 quibus
381 3859 419 3902 ex
448 3840 550 3903 tribus
579 3840 655 3903 locis
681 3840 804 3921 primus
832 3840 925 3903 nobis
953 3839 1132 3920 particulae
1155 3837 1220 3901 vim
1249 3837 1328 3900 satis
1356 3837 1405 3901 in·

234 3940 391 4003 columem
421 3939 577 4015 servavit;
614 3939 686 4003 licet
715 3939 799 4002 enirn
822 3937 1043 4020 interpretari:
1075 3938 1207 4001 conduci
1238 3943 1337 4017 poteri
1367 3938 1404 4000 iri

232 4040 376 4123 quamuis
406 4045 529 4118 purtem
557 4038 604 4100 vri
634 4041 682 4100 uti
710 4044 809 4100 taceri
837 4039 884 4100 rel
910 4039 957 4101 uti
983 4037 1141 4118 loquutur.
1191 4038 1262 4101 Duo
1291 4041 1403 4100 autem
