3030 4838
722 297 907 361 -p-

228 477 423 541 disiunctum
444 481 472 540 ct
494 475 629 540 alteram
651 475 776 556 quidem
799 496 866 539 rem
887 494 969 556 esse,
998 477 1130 539 alteram
1152 497 1224 539 vero
1253 498 1315 540 non
1338 497 1405 542 esse

226 577 415 662 sipnificont,
439 582 474 640 ut
495 597 548 658 pc,
571 575 626 654 vel,
650 575 723 639 aut'.
776 575 933 660 Vcrpilius
956 577 991 639 in
1020 574 1090 639 VII
1109 575 1150 656 (v.
1176 577 1245 657 199)

514 694 574 746 Sive
592 709 685 746 errore
703 695 761 745 viae
779 710 826 745 seu
844 694 1041 761 tempestatibus
1059 697 1112 746 acti

227 805 255 861 et
275 800 331 879 ,vel
352 799 420 863 lies
441 804 485 862 cst
504 799 550 862 vel
571 797 652 863 nov’.
696 798 861 862 luvenalis
882 800 917 862 in
941 799 965 862 I
983 799 1024 880 (3,
1047 799 1120 879 295)

761 923 808 970 ant
825 918 869 968 die
887 923 934 969 out
952 919 1040 984 accipe
1058 918 1162 969 calcem.

235 1021 394 1105 Verpilins
415 1021 451 1085 in
474 1021 520 1084 II
538 1022 697 1087 Aeneidos
718 1021 760 1104 (V.
783 1022 837 1102 48)

450 1140 507 1192 Aut
525 1139 625 1207 uliquis
643 1142 707 1193 latet
724 1158 813 1209 error,
832 1157 897 1208 equo
914 1158 948 1192 ne
965 1142 1072 1206 credite,
1095 1141 1192 1193 Teucri

229 1247 265 1310 in
287 1244 392 1309 eodem
414 1247 456 1324 (v.
477 1245 531 1327 to)

448 1365 505 1417 Aut
522 1365 586 1417 haee
603 1365 634 1417 in
650 1371 758 1416 nostros
774 1365 910 1432 fabricata
928 1371 966 1417 est
984 1365 1108 1417 machina
1128 1379 1226 1416 muros.

229 1469 274 1533 Et
295 1475 348 1551 est,
370 1469 498 1554 quondo
520 1469 691 1534 indicative
712 1471 872 1550 (licuntur,
895 1477 937 1533 est
957 1470 1085 1555 quondo
1107 1469 1295 1533 dubitative:
1316 1468 1403 1529 indi-

229 1571 344 1651 cativc,
365 1575 401 1633 nt
422 1577 488 1650 tout
507 1570 564 1634 luv
584 1576 630 1634 est
652 1577 708 1634 aut
730 1569 900 1651 tenebroe’,
931 1570 1111 1647 dubitative,
1133 1574 1169 1632 ut
1191 1574 1256 1649 taut
1275 1566 1403 1648 prodest

230 1677 285 1735 aut
305 1690 370 1735 non
385 1670 516 1754 prodest
536 1671 666 1736 divitias
685 1670 853 1753 quaererc‘.

312 1770 584 1836 Subdisiunctiove
613 1778 702 1852 sunt,
730 1793 810 1857 quae
840 1791 909 1835 vove
941 1769 1209 1834 disiunctivornm
1236 1772 1404 1850 utrumqne

230 1879 336 1936 tomen
365 1890 430 1935 csse
457 1873 653 1955 siqnificont,
682 1872 729 1936 vel
751 1871 864 1946 simul,
894 1878 929 1934 ut
951 1869 1161 1954 copulativae,
1192 1869 1239 1932 vel
1261 1868 1401 1931 discrete.

231 1970 346 2053 Simul,
367 1977 402 2035 ut
425 1970 586 2036 Terentius
606 1973 642 2036 in
663 1971 818 2036 Eunucho
838 1969 1042 2053 (111,1,7sq.)

701 2091 741 2143 vel
759 2107 809 2142 revc
826 2106 929 2156 semper
946 2089 1081 2140 movimus

454 2175 528 2228 Mili
544 2177 651 2244 cratim
668 2178 763 2244 cpebct

227 2300 290 2365 pro
311 2283 415 2362 ,ettam
437 2280 513 2346 rev’.
555 2282 647 2346 Idem
668 2284 704 2346 in
724 2282 913 2347 Phormione
934 2281 985 2363 (V,
995 2281 1025 2358 8,
1040 2277 1093 2359 96)

459 2400 506 2452 Vel
524 2401 629 2454 oculum
646 2401 787 2468 enclvulita,
807 2407 845 2453 est
861 2400 909 2454 nbi
926 2416 971 2452 vos
989 2399 1107 2451 ulciscar
1123 2396 1215 2449 loeus¹

232 2510 261 2568 ct
282 2503 476 2584 ,Alexander
498 2506 561 2569 sive
583 2504 689 2570 Poris’
715 2526 775 2590 pro
795 2505 990 2587 ,Alexander
1010 2505 1065 2589 qui
1087 2509 1114 2566 et
1138 2501 1236 2565 Paris
1259 2498 1406 2578 oliv-itur’;

231 2604 377 2669 similiter
396 2604 500 2686 ,Mors
521 2607 586 2670 sive
603 2606 746 2686 Mavors,
770 2605 934 2671 Gradivus
956 2605 1002 2669 vel
1022 2603 1193 2684 Maspiter,
1208 2604 1342 2685 praesui
1362 2607 1406 2663 est

233 2704 402 2769 bellorum'.

315 2805 457 2870 Discrete
475 2810 644 2891 utrumqne
658 2812 763 2870 tomen
781 2824 848 2869 esse
862 2803 1031 2887 sipnificot,
1054 2811 1089 2868 ut
1109 2808 1177 2884 ttoto
1200 2802 1250 2866 elie
1270 2804 1318 2866 vel
1334 2802 1407 2884 lepit

232 2907 291 2971 iste
305 2905 352 2970 vel
368 2905 503 2992 copitot'3
525 2906 682 2990 siqnificat
697 2907 780 2970 enim
794 2912 822 2970 et
837 2906 937 2990 lepore
951 2913 979 2970 et
993 2906 1138 2986 copitarc,
1160 2903 1215 2967 sei
1229 2922 1293 2966 non
1308 2901 1407 2966 simul

232 3005 607 3088 commonefacerent
628 3008 704 3071 aliis
725 3007 812 3071 boris
834 3010 940 3091 tepere,
963 3007 1039 3071 aliis
1062 3006 1207 3085 copitare.
1252 3002 1408 3066 Similiter

232 3127 347 3188 ,remen
366 3109 414 3172 vel
435 3107 560 3191 eupellit
579 3128 701 3171 remum
718 3110 765 3172 vel
787 3107 938 3185 attrabit,
961 3127 1031 3171 cum
1052 3106 1146 3168 sirum
1164 3125 1267 3188 poene
1281 3109 1406 3167 utrum-

234 3227 292 3288 que
310 3208 383 3287 fleri
396 3207 548 3290 intellepo,
569 3208 625 3272 secl
640 3209 803 3287 distinctu
824 3209 909 3273 alius
924 3209 1008 3272 enim
1023 3213 1123 3270 motus
1137 3205 1297 3289 pellentis,
1320 3205 1408 3267 alius

234 3307 401 3371 trabeatis.
445 3306 599 3371 Similiter
624 3309 654 3371 si
675 3309 781 3373 olivam
802 3310 858 3390 ,vel
880 3310 1019 3372 tunicam
1041 3307 1120 3370 mibi
1142 3304 1340 3369 accommodo
1361 3305 1409 3368 vel

235 3409 329 3472 etiam
346 3407 544 3490 poennlvm’,
573 3409 859 3473 subdisiunctivum
881 3415 941 3486 est,·
970 3408 1079 3472 videor
1108 3408 1190 3470 enim
1219 3407 1254 3469 in
1275 3405 1410 3469 alterius

233 3508 381 3589 petitione
402 3509 533 3573 libenter
559 3515 727 3591 utrumque
755 3510 903 3593 occipere.
947 3508 1008 3572 Sed
1031 3513 1131 3588 potest
1157 3507 1207 3570 bic
1229 3506 1322 3569 etiarn
1344 3506 1410 3569 ‹lis-

236 3609 375 3673 innctiva
400 3629 473 3689 esse,
496 3609 588 3674 aliud
610 3615 655 3673 est
676 3611 759 3674 enim
779 3612 966 3674 alterutrum
984 3613 1099 3692 petere,
1122 3607 1214 3671 alind
1231 3613 1409 3692 utrumque.

236 3708 322 3793 blepo
343 3709 373 3772 si
395 3708 500 3773 dicam
520 3710 575 3789 ,vel
599 3710 739 3774 tunicam
760 3712 807 3775 vel
823 3709 1026 3794 paenulvm‘,
1055 3708 1240 3772 alterutram
1262 3708 1412 3787 ostendo,-

236 3829 305 3873 cum
327 3830 398 3874 vero
415 3809 535 3874 addam
553 3813 608 3890 ,vel
624 3811 718 3874 etiam
735 3810 895 3891 tunicam’,
917 3809 1043 3874 ostendo
1065 3810 1111 3873 vel
1126 3830 1226 3873 unam
1246 3829 1311 3871 rem
1334 3809 1411 3873 velle

309 4004 335 4072 1)
363 4002 446 4068 Quam
471 4004 539 4058 falso
563 4005 612 4059 has
638 4005 704 4058 duos
729 4005 801 4059 lacos
820 4006 1010 4075 interpretatus
1036 4007 1071 4059 sit
1089 4006 1292 4075 grammaticus,
1318 4010 1412 4074 postea

239 4091 371 4160 indicabo,
390 4094 423 4146 ci.
442 4093 492 4146 sub
514 4109 572 4162 cap.
590 4093 622 4147 V.
