3030 4838
735 347 773 358 ..
817 315 858 379 30
899 349 940 358 -

288 489 435 554 Pseud.
463 489 501 553 19

386 588 486 640 Iuvabo
505 592 552 640 aut
571 605 598 641 re
618 593 664 640 aut
683 605 763 658 opera
782 595 828 643 aut
846 591 957 643 oonsilio
977 591 1061 643 bono..

207 763 209 768 Ι
289 680 433 745 Pseud.
458 681 518 745 317

387 781 441 831 Aut
459 784 529 832 terra
550 782 680 832 autmari
700 781 842 849 aliquande
861 781 977 833 evolvam
998 781 1024 833 id
1044 785 1181 848 argentum
1202 783 1259 835 tibi.

289 873 433 936 Pseud.
456 874 514 937 831
529 892 599 955 sqq.

391 972 458 1024 Nam
478 988 526 1039 ego
547 971 718 1025 cicilendrum
738 973 843 1041 quando
862 974 890 1024 in
909 973 1015 1041 patinas
1034 973 1118 1025 indidi

388 1060 442 1109 Aut
462 1058 649 1126 cepolendrum
670 1063 716 1111 aut
734 1059 876 1112 maooidem
897 1064 943 1111 aut
962 1060 1137 1127 sauoaptidan

388 1145 531 1196 Terrestris
550 1145 666 1212 pecudes
685 1145 845 1198 cicimaudro
864 1146 967 1208 condio,

385 1230 566 1299 Hapalopside
585 1235 631 1283 aut
650 1233 815 1284 oataraetria.

289 1324 432 1388 Pseud.
459 1323 538 1387 13028

385 1423 413 1476 Si
432 1424 464 1484 ie,
482 1427 529 1474 aut
549 1423 686 1475 dimidium
707 1428 752 1476 aut
773 1424 832 1492 plus
852 1425 929 1476 etiam
949 1424 1010 1476 faxo
1030 1424 1091 1476 irino
1109 1423 1193 1486 feres3

249 1523 358 1583 utrum
388 1516 459 1597 plus
485 1535 527 1578 an
557 1516 663 1579 minus
692 1517 847 1597 accipiat,
880 1536 944 1580 non
975 1517 1007 1580 in
1037 1516 1203 1580 voluntale
1232 1514 1418 1596 accipientis

248 1617 389 1700 positum
411 1619 467 1692 est,
491 1614 546 1678 sed
569 1635 608 1678 ex
631 1615 829 1694 benignitate
852 1616 1011 1696 loquentis
1034 1615 1146 1680 eodem
1169 1615 1267 1678 modo
1288 1616 1417 1695 pendet,

247 1737 313 1799 quo
334 1719 438 1780 totum
460 1715 662 1778 enuntiatum
686 1735 725 1778 ex
745 1714 832 1795 fuae.

289 1822 434 1886 Pseud.
459 1822 539 1885 1330

389 1921 522 1988 Numquid
543 1922 626 1973 iratus
646 1937 674 1972 es
693 1926 740 1972 aut
758 1922 821 1973 mihi
841 1925 887 1973 aut
905 1921 960 1973 filio
979 1924 1088 1988 propter
1105 1920 1153 1972 hes
1173 1917 1234 1972 res?

250 2009 287 2072 of.
311 2027 395 2089 quae
415 2028 447 2089 p.
470 2007 509 2071 23
532 2007 573 2071 ad
596 2006 657 2070 Mil.
681 2027 710 2070 v.
737 2009 815 2071 1068
839 2009 878 2070 de
899 2007 1149 2087 interrogatione
1171 2006 1332 2070 adnotavi.

288 2114 387 2178 Rud.
414 2115 472 2178 130

387 2212 422 2265 Ut
441 2230 494 2265 rem
514 2213 629 2266 divinam
649 2213 729 2266 faeiat
748 2218 794 2265 aut
813 2213 890 2264 hodie
909 2217 956 2265 aut
974 2213 1038 2265 heri.

287 2304 389 2370 Rud.
412 2305 474 2370 204

388 2404 453 2457 Nam
473 2421 551 2472 quam
571 2421 644 2473 spem
666 2410 712 2457 aut
731 2421 805 2473 opem
826 2409 872 2456 aut
891 2404 985 2456 consili
1004 2403 1067 2472 quid
1088 2403 1248 2472 capessam?

290 2498 391 2562 Rud.
415 2499 552 2578 1017sq.

384 2597 443 2650 Non
463 2598 575 2666 probare
594 2596 764 2666 pernegando
783 2597 847 2649 milri
866 2603 951 2665 potae,
971 2596 1022 2648 nisi
1042 2612 1103 2663 pars
1122 2597 1209 2661 datur,

389 2685 443 2735 Ant
462 2683 495 2735 ad
515 2684 641 2736 arbitrum
662 2682 762 2735 reditur
781 2686 827 2734 aut
846 2687 982 2750 sequestro
1002 2684 1119 2749 ponitur.

287 2776 405 2841 Truo.
429 2778 469 2841 32
483 2797 530 2858 sq.
554 2775 677 2856 (versus
697 2779 736 2841 33
758 2780 927 2857 corruptus
949 2776 1008 2855 est)

745 2877 846 2929 interea
864 2876 914 2929 looi

388 2963 442 3013 Aut
460 2960 522 3012 *ara
541 2962 694 3013 sutrinum
714 2966 760 3014 aut
779 2963 864 3015 oleum
885 2966 931 3014 aut
948 2961 1074 3014 triticum.

331 3078 352 3159 Β
375 3077 406 3143 6.
449 3079 524 3143 Eius
545 3099 637 3156 usne,
668 3099 764 3161 quem
787 3079 851 3143 iarn
874 3078 1026 3160 exemplis
1048 3078 1283 3156 demonstravi,
1312 3078 1416 3143 varie-

247 3182 331 3244 tates
361 3179 445 3243 duae
471 3179 619 3243 existunt.
663 3181 771 3260 Atque
793 3179 932 3260 primum
965 3185 1034 3242 aut
1057 3178 1216 3261 particula
1248 3179 1287 3242 in
1320 3198 1415 3242 enu-

249 3277 476 3342 meratione
506 3277 696 3357 adhibetur,
734 3279 824 3343 cuius
855 3279 1051 3360 significatus
1084 3279 1149 3342 duo
1182 3298 1300 3360 genera
1330 3283 1415 3356 sunt,

248 3397 334 3460 quae
356 3377 454 3441 ambo
476 3377 647 3441 coniuncta
668 3377 803 3459 legimus
824 3378 874 3442 his
893 3378 986 3443 loeis:

237 3522 241 3532 ι
290 3483 389 3548 Rud.
415 3484 473 3547 133
484 3501 554 3565 sqq.
826 3500 935 3569 Semper
954 3504 1048 3569 petunt

390 3583 492 3650 Aquam
512 3582 574 3635 hine
593 3587 640 3634 aut
657 3585 744 3651 ignem
764 3591 810 3638 aut
830 3586 939 3650 vaseula
958 3592 1005 3640 aut
1024 3588 1136 3641 cultrum
1157 3593 1203 3642 aut
1223 3606 1285 3643 veru

388 3669 443 3721 Aut
461 3668 548 3721 aulam
568 3674 684 3722 extarem
704 3674 750 3723 aut
768 3672 868 3740 aliquid

249 3768 280 3829 et
301 3764 416 3828 Truc.
439 3763 479 3826 5⁶2
491 3781 562 3844 sqq.

388 3864 442 3914 Aut
460 3862 540 3931 periit
558 3879 650 3914 aurum
670 3869 717 3915 aut
735 3865 869 3917 conscissa
889 3866 1015 3933 pallulast

387 3950 441 4000 Aut
460 3952 549 4016 empta
567 3948 662 4001 aneilla
683 3955 729 4001 aut
745 3933 855 4018 'aliquod
875 3969 965 4004 vasum
986 3960 1138 4021 argenteum

386 4036 441 4086 Ant
460 4051 552 4086 rasum
572 4035 684 4087 ahenum
704 4036 812 4103 aliquod
831 4042 877 4089 aut
896 4037 995 4091 oleatus
1014 4041 1120 4111 laptiles

387 4120 441 4172 Aut
460 4121 599 4172 armariola
618 4120 718 4173 Graeca
738 4127 783 4173 aut
802 4122 902 4191 aliquid
922 4141 1025 4194 semper
1044 4134 1097 4191 est;
