3030 4838
655 302 861 368 -q3..

177 481 264 564 quod
288 481 492 545 enuntiatum
515 499 532 542 e
553 480 711 544 sententia
730 482 797 546 eius
815 483 870 564 qui
888 483 1031 565 loquitur
1045 484 1167 549 dietum
1183 488 1231 549 est
1246 489 1344 568 atque

176 580 222 644 ila
245 580 452 645 vertendum:
484 581 625 660 „meiner
646 581 782 644 Ansieht
803 582 888 646 naeh
908 584 996 664 giebt
1017 603 1052 647 es
1072 604 1134 647 nur
1155 585 1232 648 zwei
1254 585 1344 667 Milg-

176 679 355 756 lichkeiten
379 680 543 743 entweder
565 679 608 741 du
630 677 720 741 thust
741 698 775 742 es
797 679 876 743 oder
897 680 942 744 du
963 681 1053 744 thust
1074 701 1109 745 es
1126 681 1224 746 nieht
1265 683 1344 747 Ent-

176 777 427 842 scheidedich!“
467 778 542 841 Dira
566 774 737 840 necessitas
759 780 859 858 atque
880 778 1029 859 urgentia
1046 779 1145 844 verba
1163 780 1345 862 impulsoris

178 878 310 942 liberam
334 878 552 950 voluntatem,
574 878 610 938 ut
630 874 676 936 ita
697 872 821 951 dicam,
850 895 868 938 e
891 876 960 941 loco
982 878 1114 959 pellunt.
1158 878 1270 960 ltaque
1291 879 1344 943 hio

176 978 299 1058 optimo
328 977 396 1040 iure
425 980 480 1037 out
511 972 690 1036 adhibitum
722 976 786 1049 est,
816 975 1003 1054 praesertim
1028 995 1101 1039 cum
1123 977 1284 1041 sententia
1304 979 1345 1042 sit

176 1073 415 1154 interrogativa,
470 1071 510 1134 ln
544 1071 965 1150 interrogationibus
995 1072 1104 1136 enim
1133 1077 1181 1140 vel
1208 1075 1343 1140 locum

176 1170 343 1234 omnino
371 1189 449 1233 non
480 1169 627 1244 habet,
657 1168 777 1249 quippe
807 1188 891 1251 quae
916 1188 1043 1250 semper
1065 1171 1132 1236 eius
1154 1174 1346 1240 arbitratum

177 1268 352 1344 redoleant,
375 1268 428 1349 qui
452 1267 637 1347 interrogat,

218 1376 325 1439 Pers,
348 1375 410 1438 580
523 1418 525 1423 ·

297 1474 384 1542 Atque
403 1476 450 1526 aut
469 1472 519 1524 hoe
537 1473 655 1537 emptore
673 1470 771 1524 vendes
791 1471 883 1539 pulore
902 1476 949 1524 aut
967 1472 1019 1526 alio
1038 1490 1093 1527 non
1110 1475 1190 1543 potis.

216 1567 335 1631 Poen
356 1567 419 1632 495
442 1565 492 1646 (cl.
515 1564 611 1628 Truc.
634 1564 709 1641 ο167)

296 1660 358 1716 Nisi
372 1668 419 1716 aut
438 1662 573 1716 auscultas
593 1666 639 1714 aut
658 1662 728 1714 isin
746 1662 842 1714 malam
862 1678 993 1738 erucem„

215 1758 314 1822 Rud.
336 1758 395 1821 777
407 1777 454 1840 sq.

629 1837 695 1890 Nam
714 1839 883 1906 promisimus

296 1923 428 1976 Gamufici
447 1927 494 1974 aut
512 1921 639 1974 talentum
660 1937 783 1989 magnum
804 1925 850 1973 aut
868 1921 940 1974 huno
957 1921 1037 1975 hodie
1055 1924 1157 1976 sistere.

216 2017 342 2082 soon.
370 2017 491 2097 130sq.

295 2114 361 2167 Nam
381 2117 428 2166 aut
448 2113 519 2179 olim,
537 2112 590 2164 nisi
608 2112 657 2164 tibi
676 2111 827 2180 placebant,
847 2129 901 2166 non
920 2113 998 2167 datas
1016 2114 1134 2181 oportuit

294 2201 350 2253 Aut
368 2215 440 2251 nune
458 2213 513 2250 non
531 2201 669 2265 aequomst
687 2197 783 2250 abduoi
802 2215 824 2251 e.
836 2215 861 2267 q.
871 2214 892 2251 s.

214 2293 323 2357 Trin.
346 2293 404 2357 861
419 2311 467 2373 sq.

676 2373 743 2426 mira
760 2377 832 2440 sunt,

295 2459 328 2511 Ni
347 2457 402 2510 illic
421 2457 526 2510 homost
544 2459 590 2509 aut
609 2456 765 2510 dormitator
783 2461 830 2509 aut
848 2461 935 2510 sector
953 2456 1085 2510 nonarius.

256 2575 276 2656 5
291 2572 322 2639 3.
359 2575 450 2652 Quae
472 2575 583 2639 stricta
603 2575 825 2638 alternationis
846 2575 894 2639 vis
911 2593 1071 2656 nusquam
1087 2571 1214 2654 planius
1229 2573 1342 2650 elucet,

173 2693 273 2756 quam
302 2673 328 2737 si
358 2679 413 2736 crat
442 2692 530 2736 curn
559 2673 820 2754 imperativo
851 2673 1059 2736 coniunctum
1089 2673 1147 2734 est.
1201 2669 1261 2732 Hic
1289 2668 1342 2732 illa

172 2771 260 2834 notio
284 2773 458 2851 comparet,
483 2790 581 2853 quam
604 2770 869 2834 comminativam
894 2770 1058 2835 vocabant
1079 2768 1131 2850 (ol.
1143 2786 1243 2848 supra
1256 2787 1288 2848 p.
1299 2766 1343 2846 4),

173 2867 289 2946 Qualia
310 2870 385 2931 sunt
407 2867 504 2932 haee:

214 2973 300 3038 Aur.
323 2974 442 3056 rassq.

518 3055 536 3121 i,
555 3070 646 3109 aenam
666 3070 749 3124 eoque

294 3140 348 3192 Aut
367 3140 410 3192 abi
429 3139 458 3191 in
478 3138 575 3190 malum
595 3140 740 3193 eruciatum
760 3140 793 3191 ab
813 3139 924 3192 aedibus

177 3231 267 3297 cuius
289 3253 401 3297 versus
422 3252 534 3296 sensus
557 3231 610 3296 hic
632 3236 697 3296 est:
729 3232 816 3312 „Geh
839 3252 881 3296 an
903 3233 996 3297 deine
1012 3234 1144 3297 Arbeitt
1172 3233 1276 3298 Thust
1299 3235 1343 3297 du

172 3331 232 3395 das
252 3330 350 3410 nicht,
374 3351 410 3394 so
433 3331 557 3395 belehle
580 3330 631 3395 ich
655 3331 712 3409 dir,
738 3331 811 3395 dich
834 3351 906 3395 zum
925 3331 1037 3395 Teulel
1057 3351 1096 3396 zu
1116 3329 1298 3396 scheeren.“

212 3437 327 3502 Cure.
349 3439 410 3502 ola

292 3537 383 3589 Redde
402 3538 466 3590 mihi
486 3539 538 3593 iam
558 3541 696 3606 argentum
717 3540 763 3590 aut
781 3537 925 3605 virginem3

169 3631 363 3696 alterutrum
379 3631 682 3713 Therapontigonus
699 3631 757 3694 sibi
777 3631 867 3694 reddi
883 3629 1040 3712 postulat;
1064 3630 1174 3692 utrum
1189 3627 1240 3702 sit,
1261 3630 1341 3693 assis

169 3727 263 3806 facit,
286 3728 365 3791 dum
387 3748 487 3792 unum
511 3734 687 3811 recuperet.
732 3731 844 3809 ltaque
866 3747 931 3792 non
955 3727 1015 3791 nisi
1037 3727 1077 3791 de
1100 3729 1248 3790 aestuosa
1273 3726 1341 3790 eius

168 3826 338 3890 voluntate
359 3825 483 3907 agitur,
514 3827 663 3908 quamvis
686 3826 870 3890 Curculioni
896 3826 990 3890 liceat
1012 3827 1069 3889 aut
1091 3828 1260 3905 argentum
1284 3829 1341 3890 aut

169 3924 326 4007 virginem
349 3925 492 3988 reddere.

209 4025 330 4090 Poen.
352 4025 410 4088 511
436 4023 486 4105 (cf.
510 4024 582 4088 Aul.
605 4024 679 4104 459)

290 4123 360 4186 Quin
378 4123 401 4175 si
421 4124 483 4176 ituri
503 4123 581 4176 hodie
600 4125 673 4191 estis,
691 4126 727 4177 ite
748 4126 848 4178 autito
867 4124 930 4176 hine
948 4123 976 4176 in
994 4123 1089 4176 malam
1109 4139 1221 4176 crucam.
1291 4155 1294 4161 ·
