3030 4838
597 331 803 395 ..61-

149 509 266 575 Curc.
288 509 433 590 lddsqq.

387 605 440 660 Sed
458 605 520 657 dum
539 606 582 658 hic
601 604 736 673 egreditur
754 605 834 668 foras,

263 692 491 759 Commonstrab0‚
511 693 610 760 quoin
630 708 760 760 quemque
779 692 910 744 hominem
930 692 1007 745 facile
1104 693 1107 698 ’

684 778 826 830 inveniatis
845 777 912 842 loco,

266 863 304 915 Ne
323 863 404 914 nimio
423 878 502 930 opere
524 867 612 915 sumat
630 879 745 931 operam,
765 865 786 915 si
807 879 883 931 quem
903 868 1061 915 conventum
1081 865 1145 917 velit

261 949 310 1003 Vel
330 950 452 1002 vitiosum
473 950 512 1001 vel
533 951 590 1002 sine
609 950 672 1002 vitio
692 949 731 1002 vel
752 951 863 1018 probum
883 950 923 1003 vel
943 951 1152 1020 improbum

177 1036 230 1088 483
262 1035 293 1087 ln
311 1036 398 1089 Tusco
416 1037 484 1102 vico,
504 1036 541 1088 ibi
560 1039 623 1087 sunt
640 1036 760 1089 homines
778 1037 823 1104 qui
842 1037 894 1104 ipsi
915 1053 974 1090 sese
993 1037 1141 1103 venditant,

261 1122 292 1174 ln
312 1122 424 1174 Velabro
443 1121 485 1175 vel
504 1123 629 1190 pistorem
649 1122 689 1175 vel
709 1122 808 1175 lanium
828 1123 869 1175 vel
888 1124 1054 1192 haruspicem

178 1207 231 1260 485
268 1207 313 1260 Vel
332 1209 378 1276 qui
396 1209 448 1277 ipsi
467 1212 575 1261 vorsant
593 1208 633 1260 vel
654 1210 699 1277 qui
719 1209 779 1262 aliis
798 1211 843 1262 ubi
862 1214 1003 1262 vorsentur
1021 1212 1176 1279 praebeant.

109 1298 246 1363 Versum
268 1301 332 1365 484
360 1302 424 1365 Leo
452 1301 520 1365 iure
552 1301 701 1366 cancellis
730 1302 961 1380 circumclusit,
1001 1322 1077 1366 nam
1107 1301 1282 1366 accusativi

110 1402 297 1463 contextum
319 1400 468 1476 turbant3
497 1401 703 1483 interpositus
733 1421 801 1464 esse
824 1402 951 1466 videtur
981 1401 1023 1465 ab
1054 1400 1282 1482 interpolatore

110 1498 273 1579 quodam,
302 1499 358 1580 qui
388 1519 418 1563 v.
436 1501 497 1564 lca
529 1504 604 1564 ante
635 1499 744 1564 oculos
769 1499 920 1597 habebat.
967 1500 1065 1564 Vides
1087 1504 1196 1564 autern
1220 1499 1282 1563 hoc

111 1617 241 1679 quoque
264 1598 335 1662 loco
356 1598 534 1680 particulae
556 1603 607 1664 cel
629 1599 751 1662 anteire
773 1601 849 1664 velit
871 1601 1075 1665 vccabulum.

194 1775 261 1860 §Z
303 1778 414 1841 ldem
454 1779 541 1860 quod
579 1778 789 1842 disiunctivae
819 1779 915 1843 etiam
958 1779 1282 1862 comparativae

110 1878 266 1942 notioni
288 1878 460 1943 accidit..
504 1879 617 1960 ltaque
638 1879 714 1942 talia
734 1879 885 1959 legimus:

149 1984 236 2049 Aul.
259 1986 321 2049 560

262 2085 328 2138 Tum
349 2084 488 2138 obsonium
509 2087 607 2137 autem.
626 2113 659 2120 -
678 2082 725 2136 Pol
744 2083 786 2135 vel
805 2082 901 2150 legioni
921 2086 964 2134 sat
982 2086 1038 2145 ost;

111 2196 208 2259 quem
246 2198 375 2242 versum
413 2180 450 2242 ut
481 2177 514 2241 in
540 2176 760 2258 'suspicionem
799 2175 942 2240 traheret
975 2176 1145 2255 Langenus
1186 2177 1280 2242 valde

110 2296 243 2358 operam
262 2277 367 2353 dedit;
389 2296 494 2358 neque
510 2294 618 2340 senem
630 2295 765 2340 avarum
783 2295 887 2357 neque
895 2273 1105 2356 Megadorum
1121 2275 1281 2339 urbanum

111 2375 189 2439 talia
215 2377 315 2442 verba
337 2377 443 2440 dicere
463 2376 614 2458 potuisse.
659 2376 722 2440 Sed
753 2376 805 2440 hic
827 2394 968 2439 conexus
989 2373 1067 2437 mihi
1090 2374 1166 2438 satis
1189 2374 1280 2439 iacit:

112 2494 210 2539 senex
231 2481 404 2559 postquam
427 2476 676 2541 innumerabiles
694 2473 910 2558 querimonias
932 2473 1052 2551 effudit,
1075 2474 1196 2556 pergit:
1217 2480 1283 2537 tum

111 2575 274 2640 obsonium
289 2583 401 2640 cutem.
425 2577 617 2657 Megadorus
631 2596 708 2639 vero
726 2575 828 2656 longis
847 2573 1134 2638 lamentationibus
1148 2578 1283 2638 vexatus

111 2674 291 2739 orationem
310 2676 378 2740 eius
394 2676 560 2758 praecidit,
578 2696 651 2740 cum
668 2675 760 2739 dicit:
773 2678 832 2756 pol
847 2678 899 2739 vel
916 2675 1033 2758 lepioua'
1049 2680 1100 2737 sat
1114 2679 1192 2738 este.
1205 2694 1235 2755 q.
1249 2694 1283 2751 s,

112 2793 198 2855 quae
218 2774 318 2839 verba
341 2793 397 2839 cur
418 2775 567 2839 iuvenem
590 2776 771 2840 modestum
793 2775 970 2839 dedeceant
992 2773 1107 2838 nescio.
1364 2763 1367 2769 ’

153 2879 269 2963 Capt.
294 2881 433 2964 lh9sqq.

266 2981 352 3048 Aegre
371 2986 412 3033 est
430 2981 502 3048 mihi,
522 2981 592 3034 huuc
611 2981 697 3033 iacere
716 2985 854 3049 quaestum
874 2982 1047 3034 carcerarium

264 3066 377 3135 Propter
395 3067 437 3119 sui
455 3068 529 3135 gnati
549 3067 680 3119 miseriam
698 3067 821 3118 miserum
840 3082 937 3118 senem.

265 3151 317 3205 Sed
337 3152 360 3204 si
378 3152 433 3205 ullo
451 3156 529 3222 pacto
548 3152 593 3204 ille
611 3153 663 3204 huc
681 3152 816 3205 conciliari
835 3156 932 3221 potest,

262 3236 311 3290 Vel
333 3237 520 3291 carnuficinam
541 3239 611 3290 hunc
629 3238 715 3290 iacere
734 3254 842 3306 possum
862 3238 979 3306 perpeti3

109 3332 160 3395 vel
182 3330 285 3395 valet:
311 3351 426 3411 „wenn
449 3352 484 3396 er
504 3331 568 3395 will
587 3330 712 3412 sogar“.

157 3460 273 3526 Most.
301 3462 359 3526 177
374 3483 444 3545 sqq.

266 3563 322 3616 llho
343 3563 426 3615 mavis
444 3563 620 3631 vituperarier
638 3561 705 3614 falso
725 3577 802 3628 quam
822 3576 883 3613 vero
904 3560 1016 3614 extolli?

267 3648 396 3717 liquidem
415 3648 459 3717 pol
479 3648 520 3700 vel
539 3648 606 3701 falso
625 3652 713 3700 tamen
732 3646 835 3700 laudari
854 3646 937 3699 multo
956 3647 1024 3699 malo

264 3735 348 3798 Quam
367 3751 428 3789 vcro
448 3735 550 3804 culpari
570 3751 593 3787 e.
603 3751 628 3803 q.
638 3750 659 3787 s.

114 3847 313 3911 quamquam
327 3831 379 3895 vet
392 3833 521 3894 etmolo
540 3848 606 3894 una
626 3827 815 3909 explicanda
830 3846 898 3890 esse
908 3825 1066 3902 videntur,
1084 3824 1282 3905 Langenum,

114 3928 170 4009 qui
192 3929 345 3994 adnotat:
369 3929 440 4010 „ich
456 3929 521 3993 will
539 3929 647 4006 lieber,
673 3928 746 3991 dass
764 3945 840 3990 man
857 3925 954 4003 mich,
976 3944 1087 3989 wenns
1102 3944 1138 3988 so
1155 3922 1282 4000 heliebt,

114 4027 317 4093 lalschlicher
338 4030 445 4094 Weise
471 4027 568 4107 lobt“,
601 4048 634 4092 es
657 4025 737 4090 wird
759 4023 828 4088 hier
850 4025 942 4089 keine
964 4022 1149 4088 Thatsache
1179 4022 1282 4086 durch

113 4128 166 4193 vel
188 4129 374 4210 gestcigert‚
405 4130 463 4194 das
485 4128 565 4193 falso
589 4125 714 4192 laudari
736 4125 803 4189 und
830 4145 907 4189 vero
930 4124 1053 4207 culpari
1074 4121 1155 4186 wind
1177 4120 1280 4185 durch
1370 4198 1373 4205 Ι

114 4228 166 4293 vel
187 4227 236 4292 ins
257 4229 407 4294 Belieben
437 4229 551 4294 dassen
581 4228 714 4309 gesetzt,
743 4224 800 4288 der
827 4224 879 4288 die
900 4224 1077 4304 Haudlung
1105 4220 1278 4285 ausldhren
