3030 4838
654 331 693 343 ..
735 298 776 363 27
819 333 859 346 ..

212 475 340 541 Stich.
361 475 401 538 67

276 575 304 628 Si
323 575 382 643 quis
401 589 442 626 me
461 577 578 642 quaeret,
597 575 660 627 inde
678 579 798 629 vocatote
818 575 915 644 aliqui;
934 578 981 627 ant
999 576 1050 628 iam
1070 580 1174 643 egomet
1192 577 1235 630 hic
1253 593 1307 631 ero.

211 667 338 733 Stich.
362 668 416 731 151
429 687 476 750 sq.

421 766 488 819 Nam
505 766 581 819 iilum
600 771 703 821 ecastor
721 769 825 820 mittere
844 768 877 820 ad
897 771 1000 835 portum
1020 767 1088 833 volo,

276 851 373 920 Siquae
392 852 459 904 torte
479 867 511 902 ex
530 852 595 904 Asia
614 852 690 904 navis
710 851 767 903 heri
786 854 832 903 aut
850 851 929 904 hodie
947 853 1065 913 venerit:

167 945 225 1007 ubi
239 944 395 1022 Goetzius‚
419 947 455 1008 ub
475 944 600 1008 hiatum
624 944 757 1022 tolleret,
780 944 860 1009 falso
881 965 941 1027 pro
961 952 1017 1009 out
1038 946 1146 1027 posuit
1166 949 1221 1011 vel.
1259 947 1340 1011 Vide

168 1044 253 1107 infra
276 1044 336 1106 sub
358 1062 429 1124 cap.
453 1044 491 1106 V.

211 1149 337 1214 soen
358 1149 480 1231 mosq.

490 1232 586 1284 iubebo
606 1232 640 1284 ad
659 1230 836 1300 Sangarinum
855 1249 947 1286 cenam
968 1234 1054 1303 coqui.

274 1318 330 1369 Aut
348 1320 451 1384 egomet
470 1315 514 1369 ibo
533 1320 612 1385 atque
632 1317 768 1384 opsonabo
787 1318 937 1385 opsonium.

210 1409 319 1473 Trin.
343 1411 404 1475 339

275 1508 313 1560 De
333 1508 453 1561 mendico
473 1509 542 1562 maie
561 1514 684 1576 meretur,
703 1511 749 1579 qui
766 1511 791 1563 ei
809 1511 856 1564 dat
874 1511 944 1581 quod
964 1510 1019 1565 edit
1038 1516 1085 1565 aut
1106 1513 1188 1565 bibat.

211 1601 320 1665 Trin.
342 1602 405 1666 967

273 1702 375 1767 Mirum,
395 1702 459 1771 quin
478 1702 512 1753 ab
531 1717 580 1754 avo
599 1703 656 1756 eius
672 1707 719 1755 ant
735 1719 833 1772 proavo
852 1705 1008 1772 acciperem,
1026 1704 1072 1773 qni
1091 1709 1154 1757 sunt
1173 1705 1278 1757 mortui.

210 1794 329 1858 Truc.
355 1795 413 1858 too
424 1814 471 1875 sq.
656 1812 731 1880 quini

273 1894 328 1945 Aut
347 1895 404 1946 seni
423 1894 568 1949 adveniunt
585 1896 617 1948 ad
638 1902 725 1951 scorta
744 1914 927 1967 congerrones.

210 1986 328 2051 Truc.
350 1987 412 2052 4113
423 2007 470 2069 sq.
494 1986 546 2068 (cf.
567 1988 642 2053 Cist.
667 1990 738 2070 134)

488 2088 678 2154 praemandare
697 2093 724 2141 et
742 2105 867 2158 quaerere

212 2193 213 2196 ¹
272 2173 387 2226 Puerum
406 2176 452 2225 aut
471 2173 595 2241 puellam,
614 2175 659 2242 qui
678 2178 845 2244 supponatur
863 2176 936 2229 mibi.

209 2266 458 2331 Cesistionis
477 2267 694 2348 fragmentum

274 2365 321 2418 Dis
341 2364 455 2418 stribula
472 2370 519 2419 aut
537 2367 570 2419 de
588 2367 677 2420 lumbo
698 2368 813 2420 obscena
831 2368 940 2421 viscera.

253 2490 315 2572 55.
349 2493 494 2556 Eandem
511 2493 596 2558 hanc
611 2493 876 2575 significationem
895 2499 927 2558 et
943 2500 999 2559 aut
1017 2495 1078 2558 bis
1095 2494 1156 2558 vel
1174 2493 1339 2576 saepius

168 2589 345 2671 positum
370 2590 521 2657 inducere
542 2596 640 2656 amat.
685 2593 821 2657 Exstant
842 2594 1007 2675 exempla,
1036 2613 1120 2676 quae
1141 2595 1336 2674 sequuntur:

210 2697 350 2778 Amph.
373 2696 433 2761 739
445 2717 491 2778 sq.

274 2793 325 2848 Sed
346 2795 449 2860 mulier,
467 2799 607 2864 postquam
627 2795 812 2865 experrectus,
831 2801 857 2847 te
876 2794 1017 2864 prodigiali
1037 2793 1092 2847 Iovi

274 2881 330 2934 Aut
348 2880 418 2933 mola
436 2880 507 2933 salsa
525 2879 602 2932 hodie
623 2885 669 2933 aut
685 2885 745 2934 ture
765 2884 959 2949 comprecatam
978 2880 1096 2947 oportuit

169 2972 257 3054 quod
280 2974 472 3038 vertendum
496 2978 559 3038 est:
583 2994 636 3056 „es
651 2981 738 3038 were
760 2974 853 3039 deine
868 2974 985 3038 Pssicht
1006 2991 1163 3054 gewesen,
1185 2971 1254 3035 eins
1275 2991 1338 3036 von

169 3070 286 3135 beiden
301 3091 340 3136 zu
358 3069 470 3137 thun.“
502 3071 585 3150 Quia
605 3075 714 3136 autem
731 3072 801 3154 ipsa
818 3092 883 3136 non
898 3068 977 3150 vult,'
993 3072 1039 3134 aet
1051 3105 1085 3115 -
1101 3069 1148 3134 oet
1160 3071 1219 3161 *hic
1233 3070 1338 3164 locum

169 3192 236 3237 non
257 3170 383 3237 habuit.

211 3279 322 3344 Asin.
346 3278 407 3342 756
424 3296 495 3359 sqq.

274 3379 398 3432 Alienum
417 3377 549 3430 hominem
569 3376 639 3430 intro
659 3378 748 3431 mittat
766 3377 906 3429 neminem.

275 3463 349 3527 Quod
369 3463 415 3515 illa
433 3467 480 3516 aut
499 3463 613 3516 amicum
634 3467 681 3515 aut
701 3467 843 3530 patronum
862 3451 981 3516 nominet

276 3550 330 3602 Aut
348 3549 420 3618 quod
438 3548 484 3601 illa
503 3549 603 3601 amicae
622 3553 765 3601 amatorem
785 3549 928 3617 praedicet.

212 3643 324 3725 Capi.
347 3643 466 3724 ceesq.

276 3743 312 3795 At
330 3743 368 3794 ita
386 3758 427 3794 me
447 3758 493 3793 rex
511 3742 619 3794 deorum
639 3746 718 3810 atque
738 3742 872 3794 hominum
892 3743 961 3794 faxit
979 3743 1083 3811 patriae
1104 3746 1260 3812 compotem,

276 3826 311 3881 Ut
330 3829 391 3880 istic
409 3827 572 3880 Philocrates
590 3844 644 3880 non
663 3829 748 3895 magis
767 3832 807 3880 est
827 3845 905 3896 quam
925 3832 972 3881 aut
990 3846 1040 3896 ego
1059 3833 1106 3882 aut
1123 3833 1161 3882 tu.

213 3920 327 4002 Capt.
352 3914 431 3985 1002
440 3941 487 4002 sq.

277 4019 344 4072 Nam
361 4020 409 4071 ubi
428 4018 474 4072 illo
493 4019 597 4085 adveni,
616 4021 693 4088 quasi
712 4020 831 4088 patriciis
850 4022 940 4089 pueris
959 4025 1005 4074 aut
1024 4021 1175 4074 monerulae

199 4177 202 4182 Ι
277 4106 332 4158 Aut
350 4106 436 4161 anites
455 4110 502 4159 aut
520 4107 669 4160 coturnices
690 4107 788 4160 dantur
806 4123 828 4160 e.
840 4125 864 4177 q.
876 4124 897 4160 s.
