3030 4838
651 293 857 358 -70-

169 495 209 541 ex
240 477 334 559 parte
364 472 493 538 Terenti
523 477 555 538 et
586 473 692 537 Plauti
724 491 825 554 genus
858 471 984 535 dicendi
1015 491 1084 536 esse
1115 471 1198 535 inter
1230 486 1342 531 omnes

169 579 309 654 constet,
338 577 512 656 utrumque
539 573 626 638 idem
648 572 714 637 iere
734 577 862 654 tenipus
883 573 910 636 si
931 592 997 639 non
1019 572 1144 652 genuit,
1176 574 1209 636 at
1232 574 1343 639 tamen

169 677 292 742 clarum
324 675 480 740 reddidit:
519 674 605 740 idem
643 674 709 738 fere
747 693 868 751 annus,
909 674 965 755 qui
997 672 1149 737 Plautum
1189 671 1342 752 abripuit,

168 776 355 849 Terentium
387 779 575 841 nascentem
607 775 694 840 vidit.
738 773 809 851 Qua
841 774 882 837 de
910 793 1008 838 causa
1038 793 1057 837 e
1085 777 1173 838 recta
1203 773 1255 836 via
1278 792 1343 836 non

168 876 401 954 aberrabimus
419 875 445 939 si
463 874 572 939 multis
587 875 619 939 in
635 875 731 938 rebus
747 893 939 938 consensum
956 893 1086 956 quoque
1101 874 1183 938 inter
1190 873 1343 938 Plautum

168 981 200 1042 et
221 976 407 1045 Terentium
429 975 524 1040 fuisse
545 975 725 1041 statuimus.
752 974 907 1055 Congruit
929 993 1003 1039 vero
1026 974 1237 1039 etverborum
1259 992 1344 1056 quae

169 1076 318 1143 adbibita
339 1080 414 1141 sunt
434 1077 527 1159 copia
548 1094 702 1157 magnam
721 1079 846 1157 partem
866 1079 898 1139 et
912 1075 1073 1156 copulatio
1088 1075 1155 1139 sive
1170 1076 1344 1141 verborum

170 1178 237 1243 sive
269 1177 500 1243 sententiarum
529 1181 562 1241 et
590 1176 693 1240 multa
724 1175 805 1254 alia,
837 1194 921 1257 quae
952 1194 1105 1239 enarrare
1130 1176 1264 1256 longum
1286 1180 1343 1240 est.

171 1278 346 1343 Videamus
366 1277 448 1355 iam,
478 1277 557 1359 quid
584 1296 624 1341 ex
652 1296 713 1341 usu
736 1280 845 1341 ardet
867 1275 913 1340 oel
939 1276 1173 1357 particularum
1193 1276 1344 1341 Plautino

171 1382 204 1445 et
224 1378 428 1456 Terentiano,
450 1378 476 1441 si
497 1378 579 1442 inter
598 1397 633 1441 se
654 1380 902 1458 componuntur,
924 1376 1006 1440 effici
1029 1375 1139 1457 possit.

254 1479 290 1542 In
313 1479 498 1549 universum
519 1477 601 1543 haec
622 1478 705 1542 ratio
727 1477 811 1541 inter
825 1477 978 1541 Plautum
995 1481 1027 1541 et
1041 1476 1229 1541 Terentium
1245 1477 1345 1541 inter-

172 1579 272 1645 cedit:
306 1579 441 1643 Plautus
462 1578 652 1660 conscripsit
674 1597 784 1642 versus
816 1578 901 1641 circa
924 1578 1043 1655 21400,
1081 1576 1201 1641 scilicet
1231 1596 1345 1642 earum

171 1680 372 1758 fabularum,
403 1698 487 1761 quae
515 1682 656 1745 aetatem
683 1679 844 1756 tulerunt,
874 1677 1043 1742 Terentius
1064 1681 1174 1742 autem
1203 1696 1229 1742 o.
1253 1678 1344 1742 7000.

174 1779 295 1858 Quodsi
323 1779 412 1862 apud
439 1779 591 1843 Plautum
622 1779 684 1843 280
712 1778 858 1860 exempla
888 1785 944 1842 aut
972 1783 1003 1841 et
1021 1779 1062 1842 90
1091 1777 1137 1841 oei
1166 1778 1346 1859 particulae

173 1880 356 1946 invenimus
399 1884 431 1943 et
472 1899 512 1943 ex
559 1879 702 1944 numeris
748 1883 877 1943 tantum
916 1898 1067 1943 versuum
1107 1878 1345 1943 conclusionem

174 1981 327 2059 tacimus,
370 1979 575 2058 Terentium,
624 1980 650 2044 si
690 1980 821 2062 quidem
865 1980 952 2060 apud
991 1998 1066 2043 eum
1105 1978 1219 2042 eadem
1263 1979 1346 2044 ratio

173 2079 318 2158 valebat,
362 2079 428 2154 ²⁸⁰la
442 2081 535 2145 :93
566 2087 622 2144 out
653 2084 686 2144 et
718 2079 769 2154 ⁹⁰!ss
783 2108 823 2133 =
838 2081 877 2145 30
915 2079 962 2144 oel
1001 2079 1219 2144 exhibiturum
1250 2079 1347 2144 tbisse

173 2185 405 2263 exspectamus.
451 2181 579 2246 Revera
601 2184 711 2245 autern
732 2188 788 2246 out
809 2181 928 2245 centies
950 2180 1267 2262 undequinquagies,
1299 2184 1347 2247 vel

174 2281 378 2346 duodevicies
401 2282 489 2364 apud
510 2282 695 2347 Terentium
715 2282 864 2363 legimus,
888 2282 991 2346 itaut
1012 2285 1144 2363 poetam
1166 2288 1223 2346 out
1243 2281 1347 2346 multo

173 2382 310 2464 saepius,
333 2382 381 2446 vel
401 2385 512 2447 autem
534 2382 632 2464 paulo
654 2381 759 2447 rarius
779 2401 878 2464 quarn
892 2382 1045 2446 Plautum
1064 2401 1236 2463 usurpasse
1257 2381 1347 2446 vide-

175 2501 276 2547 amus
320 2481 472 2547 Conferre
494 2482 584 2561 licet,
614 2482 702 2564 quod
731 2484 776 2546 sis
797 2502 871 2546 cunr
892 2482 1027 2546 Plautus
1048 2482 1234 2563 saepissime
1254 2502 1348 2547 usur-

173 2582 331 2664 pavisset,
365 2582 534 2647 Terentius
562 2601 629 2647 non
658 2582 807 2647 adhibuit
837 2582 898 2646 nisi
932 2581 1030 2653 octies
1061 2581 1153 2663 (Eun.
1184 2583 1253 2647 311.
1276 2584 1346 2648 756.

175 2683 252 2760 799;
291 2682 408 2747 Heaut.
437 2683 508 2748 Tib.
538 2684 608 2748 369.
637 2684 714 2759 374;
743 2683 875 2747 Phorm.
905 2685 963 2759 59;
992 2683 1053 2747 Ad.
1085 2682 1158 2763 766)
1189 2686 1221 2747 et
1249 2679 1348 2748 semel

174 2783 254 2848 audi
284 2784 314 2846 ai
342 2785 391 2847 vis
423 2784 497 2864 (Ad.
522 2783 603 2863 184).
649 2783 743 2861 Quod
763 2786 938 2865 postquam
966 2784 1173 2865 praemonui,
1205 2803 1275 2848 rem
1303 2785 1349 2850 ita

174 2883 354 2962 instituam,
382 2887 419 2947 ut
445 2903 484 2948 ea
505 2903 591 2965 quae
612 2884 645 2948 in
674 2884 800 2948 duobus
829 2883 1095 2948 antecedentibus
1121 2884 1279 2966 capitibus
1308 2885 1349 2950 de

174 2983 307 3065 singulis
328 2984 361 3048 in
384 3003 444 3048 usu
466 2983 698 3065 particularum
721 2983 891 3065 generibus
912 2985 993 3062 dixi,
1016 3004 1082 3049 non
1102 2988 1264 3067 repetam,
1292 2986 1350 3051 sed

176 3085 219 3149 ad
238 3084 439 3166 superiorum
455 3084 598 3166 capitum
615 3104 699 3167 quae
718 3083 914 3166 respondent
927 3085 1151 3166 paragraphos
1165 3105 1348 3167 provocem.

258 3185 444 3267 Sequuntur
464 3184 530 3249 iarn
551 3185 701 3266 primurn,
723 3205 808 3267 quae
831 3186 863 3249 in
879 3186 1007 3249 Terenti
1032 3186 1206 3250 comoediis
1221 3190 1351 3251 exstant

176 3290 233 3350 aut
254 3284 431 3367 particulae
452 3285 608 3368 exempla.

233 3448 238 3457 ,
260 3383 279 3470 ἓ
302 3384 372 3449 1=
385 3403 455 3468 cap.
469 3385 513 3449 IV
536 3384 608 3468 51:
631 3392 686 3449 aot
702 3386 847 3450 strictam
872 3385 1118 3450 alternationem
1140 3385 1270 3452 indicat.

217 3491 345 3557 Andr.
366 3491 428 3556 208

316 3590 389 3654 Quae
397 3590 441 3661 (ac.
449 3588 570 3661 nuptiae)
581 3591 603 3644 si
610 3607 665 3644 non
672 3595 734 3644 astu
743 3591 925 3660 providentur,
936 3607 976 3644 me
987 3595 1032 3643 aut
1040 3607 1112 3644 erum
1122 3608 1230 3662 pessum
1240 3593 1351 3667 dabunt.

218 3684 365 3751 Heaut.
386 3686 448 3750 279

316 3786 365 3840 Hic
384 3787 445 3839 sciri
464 3786 552 3855 potuit
571 3789 618 3838 aut
636 3801 780 3854 numquam
801 3784 864 3838 alibi
883 3801 905 3838 e.
916 3801 940 3852 q.
951 3801 972 3838 a.

218 3878 364 3945 Heaut.
386 3880 447 3945 995
459 3898 506 3960 sq.

418 3979 452 4032 ad
470 3978 677 4032 misericordiam
697 3979 788 4031 ambos
807 3977 855 4044 (ac.
874 3977 1011 4046 parentes)
1030 3978 1145 4032 adduces
1165 3978 1217 4031 cito

316 4068 371 4120 Aut
390 4067 470 4120 scibis
490 4067 566 4120 cuius
586 4066 622 4118 sis
643 4064 689 4131 (ac.
708 4081 763 4118 non
782 4080 880 4130 eorum,
899 4065 944 4133 qui
964 4069 1088 4133 parentes
1102 4065 1142 4118 tui
1154 4065 1337 4133 nominantur)
1344 4084 1352 4131 3

179 4154 257 4238 quid
278 4154 318 4219 sit
341 4158 542 4232 eventurum,
565 4173 583 4218 e
603 4151 794 4234 Clitiphonis
815 4152 947 4217 arbitrio
968 4171 1035 4217 non
1056 4152 1186 4235 pendet.
1212 4158 1215 4163 ’
