3030 4838
658 341 865 404 ..47-

167 537 266 597 mam,
289 521 328 582 ut
350 517 382 581 id
405 518 492 602 quod
514 518 582 601 ipse
600 518 679 583 mihi
699 521 851 602 proposui
875 521 1064 586 ambulandi
1083 524 1251 590 consilium
1272 546 1344 608 per-

167 637 286 700 sequar
308 623 381 691 aut,
411 638 452 682 ne
475 619 618 683 ornatius
635 624 733 701 atque
749 620 889 685 inflatius
911 642 1009 704 quam
1031 642 1081 686 res
1101 625 1205 706 poscit
1226 625 1343 704 dicam,

168 719 301 800 proprio
319 718 497 801 quaerendi
516 718 628 783 ordine
645 723 727 783 utar.
760 719 888 783 Primus
908 720 1028 785 dehac
1048 742 1146 804 quam
1166 728 1343 789 tractamus

168 837 202 882 re
223 814 323 883 latius
344 817 408 900 egit
430 818 464 883 C.
485 820 519 883 F.
542 818 594 882 W.
617 818 785 882 Muellerus
806 818 927 897 (Jahrb.
949 820 969 884 f.
992 821 1084 885 klass.
1107 823 1188 887 Phil.
1213 843 1241 889 a.
1267 826 1342 889 1861

168 938 198 999 p.
221 916 285 982 262
299 917 402 1000 sqq),
432 918 486 1001 qui
516 937 555 982 ea
584 917 623 981 de
646 938 744 982 causa
767 939 894 983 summa
917 919 1012 984 laude
1034 921 1149 1002 dignus
1172 928 1236 1001 est,
1266 925 1342 1007 quia

170 1019 212 1082 vel
232 1017 416 1100 particulae
443 1018 509 1082 vim
539 1037 612 1081 cum
643 1018 732 1082 verbi
762 1017 839 1082 velle
866 1019 1099 1099 significatione
1127 1025 1196 1086 arte
1225 1022 1342 1087 cohae-

170 1122 296 1205 rentem
315 1116 348 1180 in
368 1118 456 1182 clara
476 1117 547 1181 luce
569 1117 677 1199 posuit
698 1121 796 1200 atque
817 1119 845 1182 ei
868 1119 953 1182 hanc
975 1119 1040 1183 lere
1057 1121 1222 1185 notionem
1239 1121 1342 1187 inesse

171 1218 301 1283 statuit:
334 1217 398 1298 „du
429 1217 546 1281 kannst
576 1217 809 1298 meinetwegen
843 1217 893 1281 ffir
925 1218 988 1281 den
1019 1219 1244 1300 vorliegenden
1274 1221 1341 1286 Fall

171 1318 273 1401 gleich
299 1317 406 1382 diesen
428 1317 615 1394 Ausdruclr,
647 1317 734 1381 diese
755 1317 939 1381 Thatsache
960 1318 1175 1384 annehmen“.
1221 1319 1284 1385 Sed
1309 1320 1342 1385 id

172 1418 258 1501 quod
280 1416 442 1500 plerisque
469 1416 689 1481 inventoribus
717 1417 851 1493 accidit,
883 1436 954 1480 eam
986 1439 1069 1500 quae
1092 1419 1253 1503 descripta
1274 1424 1344 1485 erat

174 1522 293 1583 metam
317 1517 411 1598 longe
432 1516 683 1599 praetervolavit
705 1520 802 1597 utque
824 1515 900 1579 talia
918 1519 1143 1596 contendebat,
1167 1540 1252 1602 quae
1266 1520 1345 1603 quin

174 1616 393 1681 refellerentur
410 1616 478 1680 fieri
492 1635 558 1680 non
575 1619 710 1697 poterat.
743 1615 786 1679 Ut
805 1616 889 1680 enim
908 1616 971 1680 alia
987 1618 1144 1697 omittam,
1165 1620 1343 1700 particulae

175 1737 192 1781 a
213 1717 333 1780 Plauto
355 1718 530 1798 usurpatae
558 1735 712 1797 umquam
744 1715 808 1779 vim
831 1716 1058 1781 disiunctivam
1080 1718 1182 1782 inesse
1204 1719 1343 1800 negavit.

175 1816 342 1881 Secundus
365 1815 481 1879 deinde
509 1814 543 1878 in
563 1834 695 1879 arenam
718 1815 881 1879 descendit
902 1815 1090 1897 Langenus,
1128 1818 1182 1899 qui
1205 1818 1237 1881 in
1260 1837 1345 1900 sym-

175 1916 255 1980 bolis
279 1914 436 1979 Plautinis
464 1935 496 1996 p.
518 1915 558 1977 68
569 1935 639 1996 sqq.
667 1915 860 1979 sententiam
889 1915 961 1980 tulit
985 1920 1017 1980 et
1038 1917 1193 1981 nonnulla
1216 1917 1345 1981 Muelle-

175 2015 266 2080 riana
300 2015 376 2097 quia
409 2013 541 2079 modum
573 2013 773 2078 excedebant
803 2015 963 2079 refutavit.
1018 2016 1164 2094 Quocum
1196 2017 1345 2098 quamvis

174 2135 327 2196 magnam
340 2118 467 2197 partem
480 2115 689 2191 consentiam,
702 2118 890 2179 tamennon
903 2115 1018 2179 desunt
1031 2136 1115 2198 quae
1128 2116 1344 2198 vituperem.¹)

175 2217 220 2280 lm
250 2214 365 2297 primis
387 2233 463 2278 vero
483 2233 550 2278 rem
574 2214 619 2278 ita
642 2214 785 2296 disposui
809 2219 907 2296 atque
929 2234 1001 2278 eum
1024 2215 1171 2297 exempla
1192 2215 1346 2280 afferendi

175 2334 378 2396 progressum
409 2313 560 2390 instruxi,
589 2333 654 2394 quo
683 2333 721 2377 ea
752 2333 836 2396 quae
866 2313 943 2377 mihi
973 2315 1150 2395 excogitavi
1181 2315 1344 2396 aptissime

175 2415 346 2496 proteram.
397 2413 509 2495 Neque
536 2413 699 2477 inanimo
722 2414 828 2478 habeo
849 2433 992 2497 semper,
1015 2433 1100 2496 quae
1121 2415 1291 2479 Muellerus
1313 2419 1344 2479 et

175 2513 345 2595 Langenus
367 2515 545 2591 senserunt,
570 2531 776 2594 comparare;
799 2514 932 2594 longum
953 2513 1038 2577 enim
1058 2517 1106 2578 est
1126 2534 1341 2596 omnesquae

176 2613 382 2677 inveniuntur
404 2611 636 2676 sententiarum
659 2613 892 2694 discrepantias
911 2616 1052 2677 enotare.
1084 2612 1147 2676 Ubi
1169 2634 1246 2678 vero
1268 2614 1342 2678 inde

177 2712 297 2778 fructus
318 2712 441 2794 aliquid
463 2712 551 2794 carpi
568 2732 662 2794 posse
685 2716 774 2794 puto,
795 2712 828 2776 in
850 2713 895 2776 eis
916 2713 993 2777 locis
1019 2712 1117 2777 etiam
1140 2713 1209 2777 illos
1229 2713 1343 2778 audia-

177 2831 261 2889 mus;
285 2816 398 2876 contra
420 2813 568 2894 quotiens
589 2812 768 2891 LangenuS,
791 2831 875 2893 quae
896 2831 949 2874 me
970 2811 1127 2876 iuvenisse
1150 2813 1266 2876 trustra
1288 2831 1342 2876 ex-

177 2912 348 2989 sultabam,
371 2911 439 2994 ipse
460 2911 525 2975 iam
550 2911 758 2989 intellexerat,
781 2912 849 2975 eius
871 2911 976 2974 verbis
999 2913 1044 2975 uti
1067 2911 1146 2975 mihi
1167 2911 1270 2975 liceat.

264 3010 320 3076 Vel
341 3010 535 3094 particulam
557 3011 726 3092 antiquum
749 3010 975 3092 imperativum
998 3030 1066 3075 esse
1089 3011 1129 3074 de
1149 3011 1248 3075 verbo
1270 3009 1345 3074 uelle

179 3113 359 3177 derivatum
389 3130 487 3192 supra
508 3110 741 3174 contendimus
794 3110 904 3191 Atque
926 3129 1037 3191 spere,
1067 3110 1092 3173 si
1118 3110 1270 3174 Plautina
1292 3130 1347 3173 ex·

179 3213 285 3295 empla
308 3211 504 3288 excutimus,
534 3210 601 3275 lore
631 3214 667 3274 ut
689 3213 720 3273 et
741 3209 866 3291 priscae
887 3208 969 3272 illius
989 3209 1230 3290 significationis
1258 3209 1347 3273 testi·

178 3311 287 3377 monia
310 3310 513 3393 reperiantur
535 3315 566 3374 et
587 3309 679 3391 quasi
709 3328 768 3390 per
788 3309 896 3372 scalae
919 3309 1039 3389 gradus
1067 3308 1110 3372 ad
1132 3310 1345 3389 posteriorum

179 3415 362 3494 temporum
384 3430 479 3474 usum
501 3409 695 3474 descendere
715 3408 885 3490 possimus

259 3564 328 3646 sl.
361 3565 506 3629 Primum
531 3564 573 3628 ad
596 3583 650 3628 eos
671 3582 782 3626 versus
805 3562 948 3625 animum
973 3563 1196 3640 advertamus,
1229 3564 1346 3644 quibus

180 3666 309 3747 prisci
331 3663 577 3747 imperativi
604 3664 665 3727 vis
693 3663 864 3742 integra
892 3666 1063 3726 servata
1091 3681 1159 3725 esse
1188 3662 1265 3725 mihi
1298 3665 1345 3726 vi-

181 3765 280 3829 detur.
325 3764 533 3846 lnspiciamus
555 3763 640 3827 enim
661 3761 774 3825 Most.
797 3781 827 3825 v.
850 3761 911 3825 299

328 3881 414 3934 Etiam
434 3897 505 3934 nunc
523 3881 612 3933 decem
633 3880 719 3931 minae
738 3877 809 3946 apud
827 3881 854 3929 te
872 3881 949 3929 sunt:
969 3875 1009 3928 vel
1029 3877 1157 3928 rationem
1177 3879 1241 3943 puta

247 4067 273 4138 1)
292 4066 365 4130 Quae
382 4065 528 4119 Lorenzius
547 4065 581 4117 ad
593 4065 669 4117 Most.
683 4064 732 4115 287
752 4062 897 4127 adnotavit,
916 4061 1022 4114 silentio
1043 4061 1237 4129 praetermitt03
1257 4076 1343 4127 neque

182 4155 247 4209 enirn
268 4158 409 4226 quicquam
429 4154 551 4221 confecit,
570 4153 621 4205 nisi
641 4151 710 4219 quod
730 4148 859 4202 nonnulla
878 4148 997 4215 exempla
1017 4148 1198 4216 comportavit.
