3030 4838
629 345 813 407 ..5-

220 520 318 585 Modo
339 523 536 585 coniunctiva
557 542 616 610 pvo
640 521 687 601 ‘et'
708 529 742 585 nt
765 522 857 603 (Aen.
881 524 905 603 I,
916 522 991 605 414)

355 639 483 692 Moiirive
499 655 603 692 moram
620 646 669 693 ont
686 641 810 693 veniendi
825 657 935 709 poscere
955 658 1050 696 causas

136 751 162 807 ct
178 765 241 829 pro
262 743 337 830 ‘qve'
358 751 393 808 vt
415 744 541 826 (Georg.
564 743 672 826 1,410)

493 864 613 931 liquidas
631 863 706 916 corvi
724 879 819 931 presso
836 870 877 915 ter
894 869 1004 932 anama
1021 880 1094 917 voces

357 951 413 1003 Ant
430 956 525 1017 quater
544 950 714 1018 ingeminant
1061 950 1064 955 '

131 1077 194 1139 pro
215 1062 270 1134 tter
291 1055 481 1137 qnatcrqne‘.
511 1056 610 1120 Modo
627 1077 690 1140 pro
710 1057 891 1140 separativa
902 1054 927 1138 ¹)
948 1063 984 1120 nt
1005 1055 1099 1138 (Aen.
1122 1059 1144 1137 1,
1156 1056 1244 1138 434),

356 1175 414 1226 Ant
432 1191 515 1228 onera
532 1175 669 1243 accipiam
686 1175 836 1228 venientum
854 1181 903 1228 ant
917 1176 1025 1244 cymino
1041 1176 1113 1241 facto

138 1279 209 1343 item
232 1279 324 1360 (Aen.
348 1280 399 1358 IV,
414 1279 467 1361 62)

454 1400 511 1452 Ant
528 1405 590 1450 ante
607 1414 658 1450 ara
677 1399 756 1451 deam
771 1396 886 1465 pinquis
905 1414 928 1450 s.
945 1415 971 1453 o.

137 1503 227 1566 modo
246 1503 358 1585 fundit
380 1503 471 1566 moda
492 1504 667 1589 spatiatum
689 1504 760 1566 item
783 1502 876 1585 (Aen.
900 1503 966 1583 XII,
980 1503 1053 1584 329)

360 1621 505 1673 Semineces
523 1622 604 1673 volvit
620 1623 725 1688 mattos,
743 1628 792 1675 ant
809 1623 919 1688 aomina
937 1637 1022 1675 cursa

352 1710 472 1776 proterit
489 1715 514 1760 ct
530 1715 628 1775 raptas
644 1709 810 1776 facientibus
826 1710 928 1776 invenit
945 1709 1044 1762 hastos.

220 1833 363 1897 Dosithei
378 1852 430 1896 ars
444 1832 658 1914 grammatica
677 1831 746 1912 (Vll
760 1851 791 1912 p.
806 1829 892 1912 423),
910 1851 995 1914 quae
1010 1850 1164 1913 magnam
1181 1837 1307 1914 partem

137 1935 179 1998 ad
202 1934 336 1997 verbum
360 1953 433 1996 cum
456 1932 610 1998 Diomede
632 1931 806 2010 consentit,
828 1932 873 1996 ita
893 1935 1021 2011 tamen,
1042 1936 1078 1997 ut
1100 1933 1228 2016 saepius
1244 1934 1307 1999 'ali-

137 2033 214 2118 quid
236 2033 394 2098 omiserit:

219 2137 286 2197 Ant
306 2133 480 2198 coniunctio
503 2131 726 2210 dubitativam,
749 2133 779 2196 si
797 2134 985 2217 aeminetnv,
1007 2132 1098 2198 tabet
1112 2141 1306 2218 potestatem.

138 2237 200 2316 Qvi
223 2236 306 2298 onim
334 2234 410 2298 dicit
437 2240 503 2314 ,ant
533 2232 650 2297 libram
672 2234 739 2297 volo
760 2240 816 2297 avt
841 2232 989 2313 pretinm'
1017 2240 1184 2315 ntvnmqvc
1211 2256 1243 2299 se
1270 2255 1307 2300 ov

140 2356 237 2421 aeqno
259 2335 439 2399 desiderare
458 2333 625 2417 siqnificot,
648 2340 682 2397 nt
703 2335 738 2397 in
759 2333 826 2397 iliis
849 2333 942 2414 (Aen.
965 2334 1001 2412 H,
1013 2333 1065 2414 36)

356 2459 405 2505 ant
418 2452 514 2519 pelago
532 2453 661 2505 Danaam
678 2451 797 2505 insidias
815 2459 985 2520 suspectaqm
1002 2442 1074 2505 iona

350 2540 536 2606 prmcipitora
552 2540 624 2593 iubet
640 2541 813 2606 subiectisque
831 2556 912 2592 virere
927 2541 1044 2605 flammis

355 2633 404 2679 ant
421 2626 557 2679 terebrare
575 2643 653 2680 cavos
670 2628 741 2680 uteri
761 2633 786 2678 et
803 2633 932 2694 temptare
949 2627 1066 2679 latebras
1069 2646 1082 2693 ,·

136 2741 199 2810 avt,
229 2731 372 2797 sisamoi
394 2732 556 2810 subicitur,
580 2732 771 2796 diminutiva
801 2737 845 2795 est
874 2731 1010 2796 ethabet
1031 2733 1169 2817 aradam
1191 2734 1234 2797 ad
1255 2735 1306 2798 in·

133 2835 256 2917 seriora
276 2833 458 2925 tendentem,
478 2839 513 2896 nt
535 2833 628 2915 (Aen.
651 2832 821 2914 1,69-70)

357 2952 450 3004 Inonte
467 2952 521 3003 vim
538 2952 623 3004 ventis
641 2953 844 3020 submersasque
862 2951 943 3005 obrvte
958 2967 1063 3019 puppes

354 3045 401 3091 ant
417 3054 465 3104 avc
482 3038 605 3091 diversas
624 3046 649 3091 ct
665 3039 749 3092 disice
766 3055 881 3107 corporo
895 3046 996 3106 panto,·

135 3165 211 3230 nam
230 3143 344 3225 favens
367 3142 449 3208 Iunco
476 3145 609 3208 otivota
635 3145 718 3224 qnod
747 3141 989 3228 &ratissimam
1015 3144 1158 3209 credebat
1180 3146 1304 3229 optavit,

134 3242 371 3326 inviscavit>
397 3245 568 3309 secandam
596 3246 713 3309 intulit.
760 3243 1009 3326 [coniunctionis
1042 3243 1185 3326 tantvm]
1214 3245 1305 3309 mado

135 3346 356 3410 comminativa
378 3351 422 3408 cst
443 3343 599 3437 t<avitia
622 3345 701 3408 mihi
722 3352 778 3409 avt
797 3345 899 3425 vopio'
917 3352 952 3409 nt
973 3343 1042 3426 (ecl.
1066 3345 1178 3424 Vltvt
1192 3344 1276 3428 sqq.)

352 3464 500 3530 Nymphae,
518 3471 610 3517 noster
627 3480 712 3530 omar,
731 3461 909 3530 Libethrides,
925 3471 971 3517 avt
989 3464 1058 3516 mihi
1075 3480 1190 3531 carmon,

354 3552 436 3616 Qimie
454 3568 510 3603 mea
532 3551 627 3618 asaro,
647 3552 795 3616 conceditc;
808 3549 941 3618 proxima
960 3551 1058 3603 Phoebi

357 3639 485 3692 Versibus
503 3639 550 3690 iile
566 3640 649 3705 facit;
666 3644 721 3704 ont,
740 3640 766 3690 si
783 3654 838 3690 non
851 3654 996 3704 possumne
1014 3654 1110 3705 omms,

352 3724 409 3778 Hic
426 3733 526 3792 avanto
544 3742 626 3778 sacra
643 3726 764 3793 penitebit
780 3725 873 3791 fistnio
887 3725 966 3792 pinu.

212 3847 308 3911 Modo
329 3847 501 3926 hortativa,
528 3855 562 3911 nt
583 3853 649 3928 ,ant
673 3854 708 3911 tn
728 3868 840 3933 maone
858 3845 986 3932 (pater)
1013 3848 1122 3913 divam
1149 3846 1303 3913 misereri

132 3955 159 4011 et
179 3948 262 4013 tttna
283 3947 375 4029 (Aen.
397 3947 433 4025 V,
444 3946 517 4029 691)

202 4143 227 4212 l)
247 4143 286 4196 Oi.
304 4143 374 4196 infra
393 4143 443 4195 sub
462 4159 520 4214 cap.
540 4143 585 4198 lv,
