<?xml version="1.0" encoding="UTF-8"?>
<!DOCTYPE html PUBLIC "-//W3C//DTD XHTML 1.0 Transitional//EN"
    "http://www.w3.org/TR/xhtml1/DTD/xhtml1-transitional.dtd">
<html xmlns="http://www.w3.org/1999/xhtml" xml:lang="en" lang="en">
 <head>
  <title>
</title>
<meta http-equiv="Content-Type" content="text/html;charset=utf-8" />
  <meta name='ocr-system' content='tesseract 3.04.00' />
  <meta name='ocr-capabilities' content='ocr_page ocr_carea ocr_par ocr_line ocrx_word'/>
</head>
<body>
  <div class='ocr_page' id='page_1' title='image "./develimperativo00kohlgoog_0091.png"; bbox 0 0 3030 4838; ppageno 0'>
   <div class='ocr_carea' id='block_1_1' title="bbox 734 305 938 368">
    <p class='ocr_par' dir='ltr' id='par_1_1' title="bbox 734 305 938 368">
     <span class='ocr_line' id='line_1_1' title="bbox 734 305 938 368; baseline 0 -17"><span class='ocrx_word' id='word_1_1' title='bbox 734 305 938 368; x_wconf 62' lang='lat' dir='ltr'>..ge-</span> 
     </span>
    </p>
   </div>
   <div class='ocr_carea' id='block_1_2' title="bbox 301 482 1110 908">
    <p class='ocr_par' dir='ltr' id='par_1_2' title="bbox 301 482 1110 908">
     <span class='ocr_line' id='line_1_2' title="bbox 303 482 456 546; baseline -0.007 0"><span class='ocrx_word' id='word_1_2' title='bbox 303 482 370 546; x_wconf 84' lang='lat' dir='ltr'>Ad.</span> <span class='ocrx_word' id='word_1_3' title='bbox 396 483 456 546; x_wconf 83' lang='lat'>330</span> 
     </span>
     <span class='ocr_line' id='line_1_3' title="bbox 512 561 1062 629; baseline 0 -16"><span class='ocrx_word' id='word_1_4' title='bbox 512 562 575 629; x_wconf 90' lang='lat' dir='ltr'>quid</span> <span class='ocrx_word' id='word_1_5' title='bbox 594 563 647 614; x_wconf 89' lang='lat' dir='ltr'>iam</span> <span class='ocrx_word' id='word_1_6' title='bbox 666 562 778 615; x_wconf 77' lang='lat' dir='ltr'>credes?</span> <span class='ocrx_word' id='word_1_7' title='bbox 815 562 869 615; x_wconf 84' lang='lat' dir='ltr'>Aut</span> <span class='ocrx_word' id='word_1_8' title='bbox 888 563 931 614; x_wconf 89' lang='lat' dir='ltr'>cui</span> <span class='ocrx_word' id='word_1_9' title='bbox 950 561 1062 615; x_wconf 77' lang='lat' dir='ltr'>credas?</span> 
     </span>
     <span class='ocr_line' id='line_1_4' title="bbox 301 655 514 735; baseline -0.014 -14"><span class='ocrx_word' id='word_1_10' title='bbox 301 656 368 721; x_wconf 89' lang='lat' dir='ltr'>Ad.</span> <span class='ocrx_word' id='word_1_11' title='bbox 391 655 452 720; x_wconf 85' lang='grc'>396</span> <span class='ocrx_word' id='word_1_12' title='bbox 467 673 514 735; x_wconf 88' lang='lat' dir='ltr'>sq.</span> 
     </span>
     <span class='ocr_line' id='line_1_5' title="bbox 354 752 1110 806; baseline -0.001 -1"><span class='ocrx_word' id='word_1_13' title='bbox 354 766 357 772; x_wconf 85' lang='lat'><em>·</em></span> <span class='ocrx_word' id='word_1_14' title='bbox 408 753 526 806; x_wconf 80' lang='lat' dir='ltr'>Sinerem</span> <span class='ocrx_word' id='word_1_15' title='bbox 545 752 640 805; x_wconf 84' lang='lat' dir='ltr'>illumi</span> <span class='ocrx_word' id='word_1_16' title='bbox 678 754 733 805; x_wconf 88' lang='lat' dir='ltr'>Aut</span> <span class='ocrx_word' id='word_1_17' title='bbox 751 769 805 806; x_wconf 92' lang='lat' dir='ltr'>non</span> <span class='ocrx_word' id='word_1_18' title='bbox 825 770 871 805; x_wconf 84' lang='lat' dir='ltr'>sex</span> <span class='ocrx_word' id='word_1_19' title='bbox 889 753 955 805; x_wconf 89' lang='lat' dir='ltr'>totis</span> <span class='ocrx_word' id='word_1_20' title='bbox 975 753 1110 805; x_wconf 85' lang='lat' dir='ltr'>mensibus</span> 
     </span>
     <span class='ocr_line' id='line_1_6' title="bbox 407 839 761 908; baseline 0 -16"><span class='ocrx_word' id='word_1_21' title='bbox 407 840 485 893; x_wconf 86' lang='lat' dir='ltr'>Prius</span> <span class='ocrx_word' id='word_1_22' title='bbox 504 839 651 892; x_wconf 82' lang='lat' dir='ltr'><strong>olfecissem</strong></span> <span class='ocrx_word' id='word_1_23' title='bbox 671 856 694 893; x_wconf 90' lang='lat' dir='ltr'>e.</span> <span class='ocrx_word' id='word_1_24' title='bbox 705 857 729 908; x_wconf 94' lang='lat' dir='ltr'>q.</span> <span class='ocrx_word' id='word_1_25' title='bbox 740 856 761 892; x_wconf 91' lang='lat' dir='ltr'>s.</span> 
     </span>
    </p>
   </div>
   <div class='ocr_carea' id='block_1_3' title="bbox 300 934 971 1187">
    <p class='ocr_par' dir='ltr' id='par_1_3' title="bbox 300 934 971 1187">
     <span class='ocr_line' id='line_1_7' title="bbox 300 934 519 1014; baseline -0.009 -16"><span class='ocrx_word' id='word_1_26' title='bbox 300 934 368 999; x_wconf 87' lang='lat' dir='ltr'>Ad.</span> <span class='ocrx_word' id='word_1_27' title='bbox 391 934 451 998; x_wconf 79' lang='lat'>677</span> <span class='ocrx_word' id='word_1_28' title='bbox 472 953 519 1014; x_wconf 87' lang='lat' dir='ltr'>sq.</span> 
     </span>
     <span class='ocr_line' id='line_1_8' title="bbox 549 1031 918 1100; baseline -0.003 -16"><span class='ocrx_word' id='word_1_29' title='bbox 549 1031 595 1084; x_wconf 89' lang='lat' dir='ltr'>sed</span> <span class='ocrx_word' id='word_1_30' title='bbox 615 1031 678 1100; x_wconf 89' lang='lat' dir='ltr'>quid</span> <span class='ocrx_word' id='word_1_31' title='bbox 697 1031 758 1097; x_wconf 82' lang='lat' dir='ltr'>ista,</span> <span class='ocrx_word' id='word_1_32' title='bbox 777 1031 918 1095; x_wconf 82' lang='lat' dir='ltr'>Aeschine,</span> 
     </span>
     <span class='ocr_line' id='line_1_9' title="bbox 410 1117 971 1187; baseline -0.004 -16"><span class='ocrx_word' id='word_1_33' title='bbox 410 1118 527 1173; x_wconf 76' lang='lat' dir='ltr'>Nostra?</span> <span class='ocrx_word' id='word_1_34' title='bbox 563 1120 619 1172; x_wconf 89' lang='lat' dir='ltr'>Aut</span> <span class='ocrx_word' id='word_1_35' title='bbox 637 1117 700 1187; x_wconf 87' lang='lat' dir='ltr'>quid</span> <span class='ocrx_word' id='word_1_36' title='bbox 718 1119 796 1171; x_wconf 91' lang='lat' dir='ltr'>nobis</span> <span class='ocrx_word' id='word_1_37' title='bbox 816 1134 875 1171; x_wconf 91' lang='lat' dir='ltr'>cum</span> <span class='ocrx_word' id='word_1_38' title='bbox 895 1117 971 1170; x_wconf 82' lang='lat' dir='ltr'>illis?</span> 
     </span>
    </p>
   </div>
   <div class='ocr_carea' id='block_1_4' title="bbox 299 1213 518 1294">
    <p class='ocr_par' dir='ltr' id='par_1_4' title="bbox 299 1213 518 1294">
     <span class='ocr_line' id='line_1_10' title="bbox 299 1213 518 1294; baseline -0.005 -17"><span class='ocrx_word' id='word_1_39' title='bbox 299 1213 369 1277; x_wconf 85' lang='lat' dir='ltr'>Ad.</span> <span class='ocrx_word' id='word_1_40' title='bbox 392 1214 453 1278; x_wconf 86' lang='grc'>689</span> <span class='ocrx_word' id='word_1_41' title='bbox 471 1232 518 1294; x_wconf 90' lang='lat' dir='ltr'>sq.</span> 
     </span>
    </p>
   </div>
   <div class='ocr_carea' id='block_1_5' title="bbox 411 1309 1323 1462">
    <p class='ocr_par' dir='ltr' id='par_1_5' title="bbox 411 1309 1323 1462">
     <span class='ocr_line' id='line_1_11' title="bbox 411 1309 1323 1380; baseline -0.002 -15"><span class='ocrx_word' id='word_1_42' title='bbox 411 1312 545 1380; x_wconf 88' lang='lat' dir='ltr'>Numquid</span> <span class='ocrx_word' id='word_1_43' title='bbox 568 1312 775 1380; x_wconf 81' lang='lat' dir='ltr'>circumspertii</span> <span class='ocrx_word' id='word_1_44' title='bbox 811 1313 865 1363; x_wconf 83' lang='lat' dir='ltr'>Aut</span> <span class='ocrx_word' id='word_1_45' title='bbox 885 1309 1015 1378; x_wconf 84' lang='lat' dir='ltr'>numquid</span> <span class='ocrx_word' id='word_1_46' title='bbox 1034 1314 1090 1362; x_wconf 89' lang='lat' dir='ltr'>tute</span> <span class='ocrx_word' id='word_1_47' title='bbox 1111 1312 1245 1379; x_wconf 83' lang='lat' dir='ltr'><strong>prospexti</strong></span> <span class='ocrx_word' id='word_1_48' title='bbox 1265 1311 1323 1376; x_wconf 87' lang='lat' dir='ltr'>tibi,</span> 
     </span>
     <span class='ocr_line' id='line_1_12' title="bbox 412 1398 593 1462; baseline -0.011 -10"><span class='ocrx_word' id='word_1_49' title='bbox 412 1399 479 1462; x_wconf 81' lang='lat' dir='ltr'>Quid</span> <span class='ocrx_word' id='word_1_50' title='bbox 498 1398 593 1452; x_wconf 77' lang='lat' dir='ltr'>fieret?</span> 
     </span>
    </p>
   </div>
   <div class='ocr_carea' id='block_1_6' title="bbox 241 1492 455 1557">
    <p class='ocr_par' dir='ltr' id='par_1_6' title="bbox 241 1492 455 1557">
     <span class='ocr_line' id='line_1_13' title="bbox 241 1492 455 1557; baseline -0.009 1"><span class='ocrx_word' id='word_1_51' title='bbox 241 1516 244 1521; x_wconf 89' lang='lat'>·</span> <span class='ocrx_word' id='word_1_52' title='bbox 300 1493 370 1557; x_wconf 84' lang='lat' dir='ltr'>Ad.</span> <span class='ocrx_word' id='word_1_53' title='bbox 394 1492 455 1556; x_wconf 88' lang='lat'>707</span> 
     </span>
    </p>
   </div>
   <div class='ocr_carea' id='block_1_7' title="bbox 330 1593 1440 1664">
    <p class='ocr_par' dir='ltr' id='par_1_7' title="bbox 330 1593 1440 1664">
     <span class='ocr_line' id='line_1_14' title="bbox 330 1593 1440 1664; baseline -0.005 -12"><span class='ocrx_word' id='word_1_54' title='bbox 330 1598 400 1662; x_wconf 82' lang='lat' dir='ltr'>Quid</span> <span class='ocrx_word' id='word_1_55' title='bbox 418 1599 468 1653; x_wconf 90' lang='lat' dir='ltr'>hoc</span> <span class='ocrx_word' id='word_1_56' title='bbox 488 1601 528 1650; x_wconf 86' lang='lat' dir='ltr'>est</span> <span class='ocrx_word' id='word_1_57' title='bbox 546 1594 656 1664; x_wconf 83' lang='lat' dir='ltr'>negotii</span> <span class='ocrx_word' id='word_1_58' title='bbox 684 1594 739 1648; x_wconf 84' lang='lat' dir='ltr'>Hoc</span> <span class='ocrx_word' id='word_1_59' title='bbox 758 1599 798 1646; x_wconf 89' lang='lat' dir='ltr'>est</span> <span class='ocrx_word' id='word_1_60' title='bbox 818 1597 918 1661; x_wconf 84' lang='lat' dir='ltr'>petrem</span> <span class='ocrx_word' id='word_1_61' title='bbox 938 1593 1016 1646; x_wconf 81' lang='lat' dir='ltr'>esse?</span> <span class='ocrx_word' id='word_1_62' title='bbox 1052 1596 1107 1647; x_wconf 89' lang='lat' dir='ltr'>Aut</span> <span class='ocrx_word' id='word_1_63' title='bbox 1125 1595 1175 1648; x_wconf 92' lang='lat' dir='ltr'>hoc</span> <span class='ocrx_word' id='word_1_64' title='bbox 1193 1598 1233 1648; x_wconf 86' lang='lat' dir='ltr'>est</span> <span class='ocrx_word' id='word_1_65' title='bbox 1251 1594 1336 1648; x_wconf 86' lang='lat' dir='ltr'>filium</span> <span class='ocrx_word' id='word_1_66' title='bbox 1358 1594 1440 1647; x_wconf 78' lang='lat' dir='ltr'>esse?</span> 
     </span>
    </p>
   </div>
   <div class='ocr_carea' id='block_1_8' title="bbox 262 1767 1442 1952">
    <p class='ocr_par' dir='ltr' id='par_1_8' title="bbox 262 1767 1442 1952">
     <span class='ocr_line' id='line_1_15' title="bbox 345 1767 1442 1854; baseline -0.003 -18"><span class='ocrx_word' id='word_1_67' title='bbox 345 1772 421 1854; x_wconf 70' lang='lat'>§11</span> <span class='ocrx_word' id='word_1_68' title='bbox 450 1806 489 1830; x_wconf 92' lang='lat'>=</span> <span class='ocrx_word' id='word_1_69' title='bbox 514 1790 584 1852; x_wconf 84' lang='lat' dir='ltr'>cap.</span> <span class='ocrx_word' id='word_1_70' title='bbox 610 1770 654 1833; x_wconf 95' lang='lat' dir='ltr'>IV</span> <span class='ocrx_word' id='word_1_71' title='bbox 675 1767 693 1849; x_wconf 65' lang='grc' dir='ltr'><strong>ἕ</strong></span> <span class='ocrx_word' id='word_1_72' title='bbox 719 1769 773 1832; x_wconf 88' lang='lat'>17:</span> <span class='ocrx_word' id='word_1_73' title='bbox 805 1769 983 1832; x_wconf 86' lang='lat' dir='ltr'>sententiae</span> <span class='ocrx_word' id='word_1_74' title='bbox 1011 1769 1165 1835; x_wconf 78' lang='lat' dir='ltr'>indirecte</span> <span class='ocrx_word' id='word_1_75' title='bbox 1187 1770 1442 1850; x_wconf 74' lang='lat' dir='ltr'>interrogativae</span> 
     </span>
     <span class='ocr_line' id='line_1_16' title="bbox 262 1870 731 1952; baseline -0.015 -12"><span class='ocrx_word' id='word_1_76' title='bbox 262 1882 319 1940; x_wconf 81' lang='lat' dir='ltr'>aut</span> <span class='ocrx_word' id='word_1_77' title='bbox 341 1873 507 1939; x_wconf 88' lang='lat' dir='ltr'>interiecto</span> <span class='ocrx_word' id='word_1_78' title='bbox 529 1870 731 1952; x_wconf 82' lang='lat' dir='ltr'>copulantur.</span> 
     </span>
    </p>
   </div>
   <div class='ocr_carea' id='block_1_9' title="bbox 302 1979 510 2046">
    <p class='ocr_par' dir='ltr' id='par_1_9' title="bbox 302 1979 510 2046">
     <span class='ocr_line' id='line_1_17' title="bbox 302 1979 510 2046; baseline -0.01 -1"><span class='ocrx_word' id='word_1_79' title='bbox 302 1982 425 2046; x_wconf 84' lang='lat' dir='ltr'><strong>Andr.</strong></span> <span class='ocrx_word' id='word_1_80' title='bbox 446 1979 510 2044; x_wconf 75' lang='lat'>404</span> 
     </span>
    </p>
   </div>
   <div class='ocr_carea' id='block_1_10' title="bbox 410 2075 1087 2145">
    <p class='ocr_par' dir='ltr' id='par_1_10' title="bbox 410 2075 1087 2145">
     <span class='ocr_line' id='line_1_18' title="bbox 410 2075 1087 2145; baseline -0.004 -14"><span class='ocrx_word' id='word_1_81' title='bbox 410 2079 506 2132; x_wconf 85' lang='lat' dir='ltr'>Reviso</span> <span class='ocrx_word' id='word_1_82' title='bbox 526 2077 590 2145; x_wconf 90' lang='lat' dir='ltr'>quid</span> <span class='ocrx_word' id='word_1_83' title='bbox 609 2079 690 2144; x_wconf 79' lang='lat' dir='ltr'>agant</span> <span class='ocrx_word' id='word_1_84' title='bbox 710 2078 756 2127; x_wconf 83' lang='lat' dir='ltr'>aut</span> <span class='ocrx_word' id='word_1_85' title='bbox 774 2075 837 2143; x_wconf 88' lang='lat' dir='ltr'>quid</span> <span class='ocrx_word' id='word_1_86' title='bbox 858 2079 966 2143; x_wconf 79' lang='lat' dir='ltr'>captent</span> <span class='ocrx_word' id='word_1_87' title='bbox 985 2075 1087 2129; x_wconf 88' lang='lat' dir='ltr'>consili.</span> 
     </span>
    </p>
   </div>
   <div class='ocr_carea' id='block_1_11' title="bbox 302 2173 521 2253">
    <p class='ocr_par' dir='ltr' id='par_1_11' title="bbox 302 2173 521 2253">
     <span class='ocr_line' id='line_1_19' title="bbox 302 2173 521 2253; baseline -0.027 -13"><span class='ocrx_word' id='word_1_88' title='bbox 302 2177 397 2240; x_wconf 84' lang='lat' dir='ltr'>Eun.</span> <span class='ocrx_word' id='word_1_89' title='bbox 421 2173 460 2237; x_wconf 68' lang='lat'>12</span> <span class='ocrx_word' id='word_1_90' title='bbox 474 2191 521 2253; x_wconf 89' lang='lat' dir='ltr'>sq.</span> 
     </span>
    </p>
   </div>
   <div class='ocr_carea' id='block_1_12' title="bbox 411 2268 1131 2424">
    <p class='ocr_par' dir='ltr' id='par_1_12' title="bbox 411 2268 1131 2424">
     <span class='ocr_line' id='line_1_20' title="bbox 547 2268 966 2322; baseline -0.005 0"><span class='ocrx_word' id='word_1_91' title='bbox 547 2270 618 2322; x_wconf 91' lang='lat' dir='ltr'>unde</span> <span class='ocrx_word' id='word_1_92' title='bbox 637 2269 661 2321; x_wconf 91' lang='lat' dir='ltr'>is</span> <span class='ocrx_word' id='word_1_93' title='bbox 681 2269 717 2321; x_wconf 87' lang='lat' dir='ltr'>sit</span> <span class='ocrx_word' id='word_1_94' title='bbox 735 2268 896 2321; x_wconf 79' lang='lat' dir='ltr'>thensaurus</span> <span class='ocrx_word' id='word_1_95' title='bbox 915 2268 966 2321; x_wconf 91' lang='lat' dir='ltr'>sibi</span> 
     </span>
     <span class='ocr_line' id='line_1_21' title="bbox 411 2355 1131 2424; baseline -0.006 -12"><span class='ocrx_word' id='word_1_96' title='bbox 411 2363 466 2413; x_wconf 84' lang='lat' dir='ltr'>Aut</span> <span class='ocrx_word' id='word_1_97' title='bbox 484 2357 555 2410; x_wconf 90' lang='lat' dir='ltr'>unde</span> <span class='ocrx_word' id='word_1_98' title='bbox 573 2357 602 2409; x_wconf 89' lang='lat' dir='ltr'>in</span> <span class='ocrx_word' id='word_1_99' title='bbox 621 2355 736 2424; x_wconf 82' lang='lat' dir='ltr'>patrium</span> <span class='ocrx_word' id='word_1_100' title='bbox 755 2359 953 2407; x_wconf 90' lang='lat' dir='ltr'>monumentum</span> <span class='ocrx_word' id='word_1_101' title='bbox 975 2357 1131 2424; x_wconf 84' lang='lat' dir='ltr'>pervenerit.</span> 
     </span>
    </p>
   </div>
   <div class='ocr_carea' id='block_1_13' title="bbox 305 2452 483 2520">
    <p class='ocr_par' dir='ltr' id='par_1_13' title="bbox 305 2452 483 2520">
     <span class='ocr_line' id='line_1_22' title="bbox 305 2452 483 2520; baseline -0.028 0"><span class='ocrx_word' id='word_1_102' title='bbox 305 2456 400 2520; x_wconf 82' lang='lat' dir='ltr'>Eun.</span> <span class='ocrx_word' id='word_1_103' title='bbox 422 2452 483 2516; x_wconf 78' lang='lat'>543</span> 
     </span>
    </p>
   </div>
   <div class='ocr_carea' id='block_1_14' title="bbox 550 2531 1228 2601">
    <p class='ocr_par' dir='ltr' id='par_1_14' title="bbox 550 2531 1228 2601">
     <span class='ocr_line' id='line_1_23' title="bbox 550 2531 1228 2601; baseline -0.004 -15"><span class='ocrx_word' id='word_1_104' title='bbox 550 2549 636 2601; x_wconf 88' lang='lat' dir='ltr'>neque</span> <span class='ocrx_word' id='word_1_105' title='bbox 655 2533 718 2598; x_wconf 86' lang='lat' dir='ltr'>scio,</span> <span class='ocrx_word' id='word_1_106' title='bbox 738 2531 801 2600; x_wconf 91' lang='lat' dir='ltr'>quid</span> <span class='ocrx_word' id='word_1_107' title='bbox 821 2531 907 2584; x_wconf 88' lang='lat' dir='ltr'>dicem</span> <span class='ocrx_word' id='word_1_108' title='bbox 926 2534 972 2583; x_wconf 84' lang='lat' dir='ltr'>aut</span> <span class='ocrx_word' id='word_1_109' title='bbox 991 2531 1054 2599; x_wconf 90' lang='lat' dir='ltr'>quid</span> <span class='ocrx_word' id='word_1_110' title='bbox 1076 2531 1228 2584; x_wconf 89' lang='lat' dir='ltr'>coniectem.</span> 
     </span>
    </p>
   </div>
   <div class='ocr_carea' id='block_1_15' title="bbox 304 2627 539 2709">
    <p class='ocr_par' dir='ltr' id='par_1_15' title="bbox 304 2627 539 2709">
     <span class='ocr_line' id='line_1_24' title="bbox 304 2627 539 2709; baseline -0.017 -15"><span class='ocrx_word' id='word_1_111' title='bbox 304 2631 397 2694; x_wconf 83' lang='lat' dir='ltr'>Eun.</span> <span class='ocrx_word' id='word_1_112' title='bbox 419 2627 482 2693; x_wconf 76' lang='lat'>554</span> <span class='ocrx_word' id='word_1_113' title='bbox 492 2647 539 2709; x_wconf 89' lang='lat' dir='ltr'>sq.</span> 
     </span>
    </p>
   </div>
   <div class='ocr_carea' id='block_1_16' title="bbox 415 2724 1019 2881">
    <p class='ocr_par' dir='ltr' id='par_1_16' title="bbox 415 2724 1019 2881">
     <span class='ocr_line' id='line_1_25' title="bbox 415 2724 1019 2792; baseline -0.005 -13"><span class='ocrx_word' id='word_1_114' title='bbox 415 2726 466 2790; x_wconf 86' lang='lat' dir='ltr'>Qui</span> <span class='ocrx_word' id='word_1_115' title='bbox 486 2743 527 2778; x_wconf 92' lang='lat' dir='ltr'>me</span> <span class='ocrx_word' id='word_1_116' title='bbox 606 2725 746 2792; x_wconf 82' lang='lat' dir='ltr'>rogitando</span> <span class='ocrx_word' id='word_1_117' title='bbox 766 2724 905 2790; x_wconf 83' lang='lat' dir='ltr'>obtundet,</span> <span class='ocrx_word' id='word_1_118' title='bbox 925 2726 1019 2791; x_wconf 84' lang='lat' dir='ltr'>enicet,</span> 
     </span>
     <span class='ocr_line' id='line_1_26' title="bbox 415 2812 947 2881; baseline -0.004 -15"><span class='ocrx_word' id='word_1_119' title='bbox 415 2813 483 2877; x_wconf 81' lang='lat' dir='ltr'>Quid</span> <span class='ocrx_word' id='word_1_120' title='bbox 504 2813 615 2881; x_wconf 85' lang='lat' dir='ltr'>gestiam</span> <span class='ocrx_word' id='word_1_121' title='bbox 635 2816 681 2864; x_wconf 85' lang='lat' dir='ltr'>aut</span> <span class='ocrx_word' id='word_1_122' title='bbox 700 2812 764 2880; x_wconf 89' lang='lat' dir='ltr'>quid</span> <span class='ocrx_word' id='word_1_123' title='bbox 783 2812 870 2864; x_wconf 81' lang='lat' dir='ltr'>laetus</span> <span class='ocrx_word' id='word_1_124' title='bbox 890 2812 947 2864; x_wconf 88' lang='lat' dir='ltr'>sim.</span> 
     </span>
    </p>
   </div>
   <div class='ocr_carea' id='block_1_17' title="bbox 304 2906 554 2974">
    <p class='ocr_par' dir='ltr' id='par_1_17' title="bbox 304 2906 554 2974">
     <span class='ocr_line' id='line_1_27' title="bbox 304 2906 554 2974; baseline -0.02 0"><span class='ocrx_word' id='word_1_125' title='bbox 304 2908 451 2974; x_wconf 85' lang='lat' dir='ltr'>Heaut.</span> <span class='ocrx_word' id='word_1_126' title='bbox 475 2906 554 2970; x_wconf 88' lang='lat'>1008</span> 
     </span>
    </p>
   </div>
   <div class='ocr_carea' id='block_1_18' title="bbox 333 3002 1442 3074">
    <p class='ocr_par' dir='ltr' id='par_1_18' title="bbox 333 3002 1442 3074">
     <span class='ocr_line' id='line_1_28' title="bbox 333 3002 1442 3074; baseline 0 -13"><span class='ocrx_word' id='word_1_127' title='bbox 333 3008 369 3060; x_wconf 79' lang='lat' dir='ltr'>At</span> <span class='ocrx_word' id='word_1_128' title='bbox 387 3008 410 3060; x_wconf 88' lang='lat' dir='ltr'>si</span> <span class='ocrx_word' id='word_1_129' title='bbox 428 3021 517 3074; x_wconf 82' lang='lat' dir='ltr'>rogem</span> <span class='ocrx_word' id='word_1_130' title='bbox 536 3005 604 3070; x_wconf 84' lang='lat' dir='ltr'>iam,</span> <span class='ocrx_word' id='word_1_131' title='bbox 623 3002 687 3071; x_wconf 89' lang='lat' dir='ltr'>quid</span> <span class='ocrx_word' id='word_1_132' title='bbox 707 3006 747 3055; x_wconf 87' lang='lat' dir='ltr'>est</span> <span class='ocrx_word' id='word_1_133' title='bbox 766 3003 835 3071; x_wconf 89' lang='lat' dir='ltr'>quod</span> <span class='ocrx_word' id='word_1_134' title='bbox 854 3019 959 3072; x_wconf 88' lang='lat' dir='ltr'>peccem</span> <span class='ocrx_word' id='word_1_135' title='bbox 981 3009 1028 3056; x_wconf 84' lang='lat' dir='ltr'>aut</span> <span class='ocrx_word' id='word_1_136' title='bbox 1047 3021 1124 3072; x_wconf 87' lang='lat' dir='ltr'>quam</span> <span class='ocrx_word' id='word_1_137' title='bbox 1144 3006 1177 3057; x_wconf 91' lang='lat' dir='ltr'>ob</span> <span class='ocrx_word' id='word_1_138' title='bbox 1197 3021 1250 3057; x_wconf 90' lang='lat' dir='ltr'>rem</span> <span class='ocrx_word' id='word_1_139' title='bbox 1270 3006 1319 3058; x_wconf 87' lang='lat' dir='ltr'>hoc</span> <span class='ocrx_word' id='word_1_140' title='bbox 1339 3005 1442 3062; x_wconf 85' lang='lat' dir='ltr'>iacias:</span> 
     </span>
    </p>
   </div>
   <div class='ocr_carea' id='block_1_19' title="bbox 305 3093 1370 3251">
    <p class='ocr_par' dir='ltr' id='par_1_19' title="bbox 305 3093 1370 3251">
     <span class='ocr_line' id='line_1_29' title="bbox 1210 3093 1370 3147; baseline 0.019 -3"><span class='ocrx_word' id='word_1_141' title='bbox 1210 3093 1315 3146; x_wconf 85' lang='lat' dir='ltr'>nescias</span> <span class='ocrx_word' id='word_1_142' title='bbox 1326 3133 1333 3146; x_wconf 90' lang='lat'><strong>.</strong></span> <span class='ocrx_word' id='word_1_143' title='bbox 1345 3133 1352 3146; x_wconf 91' lang='lat'><strong>.</strong></span> <span class='ocrx_word' id='word_1_144' title='bbox 1364 3134 1370 3147; x_wconf 95' lang='lat'>.</span> 
     </span>
     <span class='ocr_line' id='line_1_30' title="bbox 305 3164 1157 3251; baseline -0.014 -21"><span class='ocrx_word' id='word_1_145' title='bbox 305 3165 395 3230; x_wconf 87' lang='lat' dir='ltr'>Hec.</span> <span class='ocrx_word' id='word_1_146' title='bbox 419 3164 481 3228; x_wconf 81' lang='lat'>675</span> <span class='ocrx_word' id='word_1_147' title='bbox 492 3181 538 3244; x_wconf 88' lang='lat' dir='ltr'>sq.</span> <span class='ocrx_word' id='word_1_148' title='bbox 1154 3246 1157 3251; x_wconf 90' lang='lat'><em>.</em></span> 
     </span>
    </p>
   </div>
   <div class='ocr_carea' id='block_1_20' title="bbox 414 3259 1198 3416">
    <p class='ocr_par' dir='ltr' id='par_1_20' title="bbox 414 3259 1198 3416">
     <span class='ocr_line' id='line_1_31' title="bbox 414 3259 1119 3330; baseline -0.006 -15"><span class='ocrx_word' id='word_1_149' title='bbox 414 3263 538 3330; x_wconf 83' lang='lat' dir='ltr'>Ignarum</span> <span class='ocrx_word' id='word_1_150' title='bbox 559 3277 651 3313; x_wconf 82' lang='lat' dir='ltr'>censes</span> <span class='ocrx_word' id='word_1_151' title='bbox 669 3265 773 3312; x_wconf 75' lang='lat' dir='ltr'>tucrum</span> <span class='ocrx_word' id='word_1_152' title='bbox 793 3260 960 3312; x_wconf 79' lang='lat' dir='ltr'>lacrimarum</span> <span class='ocrx_word' id='word_1_153' title='bbox 980 3276 1037 3312; x_wconf 91' lang='lat' dir='ltr'>esse</span> <span class='ocrx_word' id='word_1_154' title='bbox 1056 3259 1119 3312; x_wconf 81' lang='lat' dir='ltr'>mei</span> 
     </span>
     <span class='ocr_line' id='line_1_32' title="bbox 415 3347 1198 3416; baseline -0.004 -13"><span class='ocrx_word' id='word_1_155' title='bbox 415 3350 470 3403; x_wconf 86' lang='lat' dir='ltr'>Aut</span> <span class='ocrx_word' id='word_1_156' title='bbox 489 3347 552 3416; x_wconf 89' lang='lat' dir='ltr'>quid</span> <span class='ocrx_word' id='word_1_157' title='bbox 571 3348 607 3400; x_wconf 84' lang='lat' dir='ltr'>sit</span> <span class='ocrx_word' id='word_1_158' title='bbox 624 3347 660 3414; x_wconf 89' lang='lat' dir='ltr'>id,</span> <span class='ocrx_word' id='word_1_159' title='bbox 679 3347 751 3415; x_wconf 88' lang='lat' dir='ltr'>quod</span> <span class='ocrx_word' id='word_1_160' title='bbox 771 3347 912 3400; x_wconf 82' lang='lat' dir='ltr'>sollicitere</span> <span class='ocrx_word' id='word_1_161' title='bbox 931 3347 964 3398; x_wconf 88' lang='lat' dir='ltr'>ad</span> <span class='ocrx_word' id='word_1_162' title='bbox 985 3347 1055 3400; x_wconf 90' lang='lat' dir='ltr'>hunc</span> <span class='ocrx_word' id='word_1_163' title='bbox 1071 3347 1198 3400; x_wconf 83' lang='lat' dir='ltr'>modum?</span> 
     </span>
    </p>
   </div>
   <div class='ocr_carea' id='block_1_21' title="bbox 306 3443 546 3522">
    <p class='ocr_par' dir='ltr' id='par_1_21' title="bbox 306 3443 546 3522">
     <span class='ocr_line' id='line_1_33' title="bbox 306 3443 546 3522; baseline -0.021 -14"><span class='ocrx_word' id='word_1_164' title='bbox 306 3445 400 3508; x_wconf 92' lang='lat' dir='ltr'>Hec.</span> <span class='ocrx_word' id='word_1_165' title='bbox 423 3443 482 3506; x_wconf 84' lang='grc'>766</span> <span class='ocrx_word' id='word_1_166' title='bbox 498 3460 546 3522; x_wconf 89' lang='lat' dir='ltr'>sq.</span> 
     </span>
    </p>
   </div>
   <div class='ocr_carea' id='block_1_22' title="bbox 313 3539 1446 3696">
    <p class='ocr_par' dir='ltr' id='par_1_22' title="bbox 313 3539 1446 3696">
     <span class='ocr_line' id='line_1_34' title="bbox 417 3539 1446 3609; baseline 0.003 -17"><span class='ocrx_word' id='word_1_167' title='bbox 417 3541 513 3594; x_wconf 91' lang='lat' dir='ltr'>Verum</span> <span class='ocrx_word' id='word_1_168' title='bbox 534 3540 628 3592; x_wconf 83' lang='lat' dir='ltr'>hecto</span> <span class='ocrx_word' id='word_1_169' title='bbox 648 3554 741 3592; x_wconf 91' lang='lat' dir='ltr'>moneo</span> <span class='ocrx_word' id='word_1_170' title='bbox 760 3555 855 3605; x_wconf 86' lang='lat' dir='ltr'>unum,</span> <span class='ocrx_word' id='word_1_171' title='bbox 883 3539 968 3606; x_wconf 83' lang='lat' dir='ltr'>qualis</span> <span class='ocrx_word' id='word_1_172' title='bbox 988 3540 1037 3591; x_wconf 88' lang='lat' dir='ltr'>sim</span> <span class='ocrx_word' id='word_1_173' title='bbox 1056 3540 1156 3592; x_wconf 85' lang='lat' dir='ltr'>amicus</span> <span class='ocrx_word' id='word_1_174' title='bbox 1175 3544 1222 3592; x_wconf 85' lang='lat' dir='ltr'>eut</span> <span class='ocrx_word' id='word_1_175' title='bbox 1240 3541 1303 3609; x_wconf 89' lang='lat' dir='ltr'>quid</span> <span class='ocrx_word' id='word_1_176' title='bbox 1324 3542 1446 3609; x_wconf 88' lang='lat' dir='ltr'>possiem</span> 
     </span>
     <span class='ocr_line' id='line_1_35' title="bbox 313 3625 1015 3696; baseline -0.004 -15"><span class='ocrx_word' id='word_1_177' title='bbox 313 3691 316 3696; x_wconf 28' lang='lat'><strong>⁴</strong></span> <span class='ocrx_word' id='word_1_178' title='bbox 417 3629 510 3681; x_wconf 88' lang='lat' dir='ltr'>Potius</span> <span class='ocrx_word' id='word_1_179' title='bbox 530 3643 608 3695; x_wconf 84' lang='lat' dir='ltr'>quam</span> <span class='ocrx_word' id='word_1_180' title='bbox 626 3626 758 3690; x_wconf 85' lang='lat' dir='ltr'>inimicus,</span> <span class='ocrx_word' id='word_1_181' title='bbox 778 3625 904 3692; x_wconf 87' lang='lat' dir='ltr'>periclum</span> <span class='ocrx_word' id='word_1_182' title='bbox 924 3627 1015 3679; x_wconf 76' lang='lat' dir='ltr'>facies,</span> 
     </span>
    </p>
   </div>
   <div class='ocr_carea' id='block_1_23' title="bbox 267 3783 1450 4169">
    <p class='ocr_par' dir='ltr' id='par_1_23' title="bbox 267 3783 1450 4169">
     <span class='ocr_line' id='line_1_36' title="bbox 348 3783 1449 3868; baseline 0.002 -18"><span class='ocrx_word' id='word_1_183' title='bbox 348 3785 425 3868; x_wconf 65' lang='lat'>512</span> <span class='ocrx_word' id='word_1_184' title='bbox 443 3814 481 3836; x_wconf 92' lang='lat'><strong><em>=</em></strong></span> <span class='ocrx_word' id='word_1_185' title='bbox 505 3786 620 3866; x_wconf 87' lang='lat' dir='ltr'>cap.V</span> <span class='ocrx_word' id='word_1_186' title='bbox 642 3783 660 3866; x_wconf 63' lang='grc' dir='ltr'><strong>ἓ</strong></span> <span class='ocrx_word' id='word_1_187' title='bbox 683 3785 712 3848; x_wconf 91' lang='grc'>3.</span> <span class='ocrx_word' id='word_1_188' title='bbox 755 3783 966 3849; x_wconf 76' lang='lat' dir='ltr'>Decetiam</span> <span class='ocrx_word' id='word_1_189' title='bbox 989 3789 1098 3849; x_wconf 82' lang='lat' dir='ltr'>ectum</span> <span class='ocrx_word' id='word_1_190' title='bbox 1121 3789 1177 3850; x_wconf 89' lang='lat' dir='ltr'>est.</span> <span class='ocrx_word' id='word_1_191' title='bbox 1221 3786 1387 3868; x_wconf 84' lang='lat' dir='ltr'>Sequitur,</span> <span class='ocrx_word' id='word_1_192' title='bbox 1411 3793 1449 3853; x_wconf 92' lang='lat' dir='ltr'>ut</span> 
     </span>
     <span class='ocr_line' id='line_1_37' title="bbox 267 3884 1447 3973; baseline 0.003 -22"><span class='ocrx_word' id='word_1_193' title='bbox 267 3889 309 3952; x_wconf 82' lang='lat' dir='ltr'>ud</span> <span class='ocrx_word' id='word_1_194' title='bbox 332 3908 386 3951; x_wconf 89' lang='lat' dir='ltr'>eos</span> <span class='ocrx_word' id='word_1_195' title='bbox 408 3888 494 3950; x_wconf 85' lang='lat' dir='ltr'>locos</span> <span class='ocrx_word' id='word_1_196' title='bbox 510 3887 654 3950; x_wconf 86' lang='lat' dir='ltr'>animum</span> <span class='ocrx_word' id='word_1_197' title='bbox 672 3884 890 3963; x_wconf 86' lang='lat' dir='ltr'>advertamus,</span> <span class='ocrx_word' id='word_1_198' title='bbox 914 3887 1031 3967; x_wconf 89' lang='lat' dir='ltr'>quibus</span> <span class='ocrx_word' id='word_1_199' title='bbox 1052 3886 1099 3949; x_wconf 82' lang='lat' dir='ltr'>ool</span> <span class='ocrx_word' id='word_1_200' title='bbox 1114 3887 1283 3951; x_wconf 87' lang='lat' dir='ltr'>Terentius</span> <span class='ocrx_word' id='word_1_201' title='bbox 1304 3888 1447 3973; x_wconf 85' lang='lat' dir='ltr'>scripsit.</span> 
     </span>
     <span class='ocr_line' id='line_1_38' title="bbox 267 3985 1450 4068; baseline 0.003 -16"><span class='ocrx_word' id='word_1_202' title='bbox 267 3989 350 4052; x_wconf 86' lang='lat' dir='ltr'>Eece</span> <span class='ocrx_word' id='word_1_203' title='bbox 372 3988 470 4055; x_wconf 83' lang='lat' dir='ltr'>etiarn</span> <span class='ocrx_word' id='word_1_204' title='bbox 493 3985 664 4050; x_wconf 90' lang='lat' dir='ltr'>Terentius</span> <span class='ocrx_word' id='word_1_205' title='bbox 686 3988 733 4048; x_wconf 84' lang='lat' dir='ltr'>oet</span> <span class='ocrx_word' id='word_1_206' title='bbox 755 4005 828 4048; x_wconf 91' lang='lat' dir='ltr'>curn</span> <span class='ocrx_word' id='word_1_207' title='bbox 853 4005 930 4050; x_wconf 86' lang='lat' dir='ltr'>cura</span> <span class='ocrx_word' id='word_1_208' title='bbox 954 4007 1074 4068; x_wconf 85' lang='lat' dir='ltr'>ponere</span> <span class='ocrx_word' id='word_1_209' title='bbox 1096 3988 1229 4066; x_wconf 84' lang='lat' dir='ltr'>essolet,</span> <span class='ocrx_word' id='word_1_210' title='bbox 1260 3988 1316 4053; x_wconf 86' lang='lat' dir='ltr'>ubi</span> <span class='ocrx_word' id='word_1_211' title='bbox 1340 3990 1450 4056; x_wconf 84' lang='lat' dir='ltr'>altera</span> 
     </span>
     <span class='ocr_line' id='line_1_39' title="bbox 269 4085 1296 4169; baseline 0 -17"><span class='ocrx_word' id='word_1_212' title='bbox 269 4108 409 4169; x_wconf 83' lang='lat' dir='ltr'>persona</span> <span class='ocrx_word' id='word_1_213' title='bbox 432 4088 622 4168; x_wconf 84' lang='lat' dir='ltr'>appellatur.</span> <span class='ocrx_word' id='word_1_214' title='bbox 662 4085 715 4148; x_wconf 89' lang='lat' dir='ltr'>Ad</span> <span class='ocrx_word' id='word_1_215' title='bbox 739 4086 964 4166; x_wconf 86' lang='lat' dir='ltr'>imperativum</span> <span class='ocrx_word' id='word_1_216' title='bbox 986 4087 1111 4151; x_wconf 84' lang='lat' dir='ltr'>accedit</span> <span class='ocrx_word' id='word_1_217' title='bbox 1132 4087 1183 4151; x_wconf 87' lang='lat' dir='ltr'>his</span> <span class='ocrx_word' id='word_1_218' title='bbox 1204 4088 1296 4169; x_wconf 79' lang='lat' dir='ltr'>iocis:</span> 
     </span>
    </p>
   </div>
   <div class='ocr_carea' id='block_1_24' title="bbox 0 0 1520 4838">
    <p class='ocr_par' dir='ltr' id='par_1_24' title="bbox 0 0 1520 4838">
     <span class='ocr_line' id='line_1_40' title="bbox 0 0 1520 4838; baseline 0 2"><span class='ocrx_word' id='word_1_219' title='bbox 0 0 1520 4838; x_wconf 95' lang='lat' dir='ltr'> </span> 
     </span>
    </p>
   </div>
  </div>
 </body>
</html>
